1814 2902
419 229 894 274 APPENDIX
950 226 1279 270 PRIMA.
1547 238 1595 277 93

120 333 188 366 tur
204 350 216 366 ‚
246 322 290 363 &
307 322 525 377 Scriptores
540 321 696 366 Rerum
717 316 936 359 nostrarum
965 315 1164 358 affirment
1189 314 1497 370 Inscriptionem
1526 328 1594 355 ex·

119 378 246 422 stitiffe
263 408 273 423 ,
304 381 346 420 in
375 392 454 433 qua
466 377 686 431 legeretur:
714 376 902 429 Augustus
930 388 1077 415 murum
1096 374 1196 414 dedit
1214 400 1223 409 -
1252 373 1400 414 Verum
1427 369 1523 412 falsa
1539 369 1594 412 est

118 435 217 478 haec
249 435 470 478 nostrorum
493 433 701 473 hominum
717 432 870 486 Opinio
900 431 949 471 de
981 429 1170 473 vetustate
1186 429 1300 482 hujus
1324 428 1479 483 publici
1507 442 1596 469 mu-

120 495 183 539 τίς
213 506 304 535 nam
331 492 516 533 undecim
538 490 589 530 ab
603 489 718 530 heinc
748 489 856 528 annis
872 488 913 527 in
928 486 1195 528 fundamentis
1224 484 1456 540 quibusdam
1480 484 1594 538 huj‘us

121 552 251 594 muri,
282 563 382 605 quae
410 558 585 589 evertere
613 543 718 600 juffit
734 547 796 587 vir
825 541 1063 586 Glariffimus
1080 541 1328 584 Romualclus
1347 543 1458 583 Rota
1476 543 1597 583 Foro-

121 604 369 649 corneliensis
388 634 397 649 ‚
414 603 587 658 Collegii
606 603 809 644 Societatis
825 599 911 654 Jesu
925 628 936 644 ‚
968 601 1078 655 quod
1095 601 1268 643 Arimini
1291 598 1345 640 est
1362 627 1372 643 ‚
1405 610 1501 640 tunc
1517 599 1595 640 Re⁴

121 666 213 705 ἀοι·
229 692 239 708 ,
272 675 319 705 ut
349 676 497 704 novam
521 660 709 701 fabricam
733 658 906 713 Collegii
936 657 1037 699 illius
1055 654 1319 713 amplificaret
1335 685 1346 700 ‚
1377 658 1421 697 ὃς
1444 657 1496 696 in·
1517 670 1597 697 me-

121 720 197 762 lius
214 729 464 763 converteret
480 745 490 761 ‚
521 728 677 772 reperta
692 715 782 758 sunt
806 729 1004 756 marmora
1020 717 1137 756 rubra
1153 743 1163 758 ‚
1196 716 1240 755 &
1262 715 1465 756 variorum
1489 713 1599 754 colo·-

122 793 211 819 rum
238 778 412 831 ingentia
442 773 569 814 multa
584 803 597 820 ‚
623 774 818 829 &ingens
837 772 921 813 Pila
953 786 1046 813 cum
1062 770 1260 813 Plinthide
1284 785 1333 812 ex
1355 772 1468 824 pario
1493 784 1599 811 mar-

120 848 258 878 more,
291 835 330 873 in
345 847 422 887 qua
438 832 589 883 elegans
604 827 814 886 Inscriptio
845 829 1000 884 sculpta
1026 828 1106 876 est,
1135 829 1241 869 &Q
1257 829 1453 869 NONIO.
1480 829 1601 869 CAE-

121 891 297 932 PIANO
327 890 459 930 dicata
477 919 487 933 ,
521 903 621 943 quae
645 886 861 942 Inscriptio
886 886 972 942 post
986 889 1129 940 Cajum
1159 888 1449 940 Imperatorem
1480 884 1602 938 vulgo

123 947 348 1002 Caligulam
375 947 527 988 dictum
551 946 658 986 edita
674 944 748 986 fuit
765 973 773 980 -
805 945 992 999 Qinque
1014 945 1119 985 enim
1136 943 1322 996 Judicum
1349 942 1545 983 Decuriae
1561 944 1602 982 in

124 1019 171 1046 ea
201 1018 355 1045 memor
367 1015 485 1044 antur
502 1033 512 1047 ,
542 1017 641 1057 quae
673 1005 723 1044 ab
753 1003 895 1044 eodem
920 1003 1166 1056 Imperatore
1197 999 1356 1041 filerunt
1377 998 1604 1044 institutae,

126 1075 250 1116 quum
274 1076 322 1102 an
336 1072 399 1102 tea
415 1072 573 1101 tanturn
587 1071 780 1115 quattuor
802 1057 921 1100 essent
937 1059 1027 1099 illae
1042 1058 1229 1111 Judicum
1243 1058 1439 1097 Decuriae
1456 1085 1464 1093 .
1490 1057 1606 1097 Hanc

126 1117 432 1173 Inscriptionem
462 1118 586 1158 modo
615 1117 712 1158 mihi
745 1116 957 1158 liberaliter
983 1116 1093 1164 dono
1122 1115 1231 1156 dedit
1259 1114 1507 1154 Romualdus
1538 1111 1606 1154 ille

127 1175 241 1217 Rota
269 1176 502 1216 Provinciae
528 1176 703 1216 Venetae
730 1175 936 1214 Societatis
967 1171 1054 1213 suae
1082 1170 1305 1212 Praefectus
1335 1167 1576 1224 digniffimus
1592 1197 1604 1213 »

127 1245 248 1286 quam
275 1233 316 1272 in
337 1231 509 1273 Cimelio
533 1246 649 1276 meo,
679 1245 760 1271 non
791 1240 945 1270 tantum
965 1260 974 1275 ,
1006 1239 1050 1270 ut
1080 1227 1330 1283 praeclarum
1360 1226 1608 1269 venerandae

129 1291 398 1343 Antiquitatis
417 1316 427 1332 ‚
457 1303 576 1342 quam
601 1301 646 1328 ut
675 1287 892 1328 Donatoris
924 1286 1070 1327 illustre
1098 1284 1346 1326 liberalitatis
1379 1297 1610 1324 monumen-

131 1356 220 1386 tum
249 1343 438 1386 adservo.
471 1346 605 1394 Qare
635 1355 802 1398 apparet
821 1373 831 1388 ,
862 1353 907 1383 ut
921 1343 1005 1383 dixi
1034 1344 1074 1382 in
1102 1356 1188 1382 mea
1218 1339 1463 1397 expolitione
1495 1341 1610 1394 hujus

126 1401 400 1456 Inscriptionis
417 1430 426 1445 ‚
456 1416 554 1456 quae
584 1412 680 1442 tunc
707 1401 812 1441 edita
835 1400 909 1442 fuit
939 1401 978 1440 in
998 1399 1319 1456 Ephemeridibus
1348 1399 1580 1439 Florentinis
1598 1425 1609 1441 ,

130 1461 294 1502 Murum
322 1458 427 1500 hunc
443 1459 646 1499 Publicum
664 1472 744 1498 non
762 1459 811 1499 ab
828 1456 1006 1512 Augusto
1022 1485 1031 1501 ‚
1064 1471 1189 1510 neque
1205 1471 1226 1496 a
1246 1454 1380 1509 priscis
1400 1457 1610 1496 Romano-

131 1532 220 1559 mm
236 1516 546 1570 Imperatoribus
572 1514 677 1555 fuisse
702 1515 907 1555 conditum
924 1544 935 1559 ,
963 1515 1029 1567 qui
1047 1516 1087 1554 in
1103 1528 1151 1553 eo
1180 1513 1391 1553 condendo
1409 1512 1613 1568 praeclara

131 1574 408 1615 Romanorum
426 1571 579 1612 suorum
609 1584 863 1612 monumenta
895 1585 974 1611 non
1004 1569 1247 1613 evertiffent-
1281 1571 1352 1610 Sed
1382 1570 1443 1610 vel
1461 1568 1615 1610 Bellisa-

133 1633 212 1673 rius
229 1641 368 1670 contra
398 1629 554 1670 Gothos
586 1629 636 1667 ab
651 1643 699 1668 eo
722 1642 803 1668 non
829 1628 957 1668 adhuc
974 1629 1166 1669 Ravenna
1196 1626 1374 1680 expulsos
1405 1626 1614 1670 condidit,

135 1687 199 1728 vel
227 1686 580 1739 Langobardorum
599 1686 729 1724 Duces
759 1684 999 1738 sequioribus
1016 1684 1172 1725 saeculis
1197 1699 1286 1724 eum
1312 1682 1586 1725 exstruxerunt
1602 1712 1614 1728 ,

137 1754 183 1785 ut
200 1744 249 1785 ab
265 1742 528 1784 Exarcharum
544 1742 751 1782 conatibus
768 1743 905 1783 urbem
922 1740 1090 1782 nostram
1110 1743 1309 1783 munirent
1328 1770 1335 1778 .

566 1811 1211 1840 AonrrAMrNTvm
1584 1837 1586 1839 .

209 1861 225 1879 ³*
255 1857 314 1897 Ad
345 1871 441 1897 num.
468 1855 552 1895 ΧΠ.
583 1856 690 1910 hujus
718 1857 933 1911 Appendicis
958 1868 1042 1911 pag·
1077 1862 1139 1895 85.
1175 1857 1337 1898 addatur
1360 1888 1369 1896 .
1400 1858 1619 1912 Reperitur

141 1911 443 1967 frequentissime
476 1914 516 1952 in
545 1911 676 1953 nostro
705 1914 805 1952 mari
820 1913 972 1952 vermis
992 1914 1032 1952 in
1049 1912 1208 1953 Tubulo
1225 1914 1420 1954 Coriaceo
1437 1915 1593 1955 latitans
1610 1945 1621 1960 ,

142 1982 188 2011 ut
215 1971 339 2011 Tinea
363 1969 525 2024 pellium
557 1999 568 2014 ,
613 1969 656 2008 ὃ(
687 1968 857 2009 Vestium
895 1968 1053 2012 latitat,
1093 1972 1136 2010 ὃς
1159 1970 1208 2010 ad
1238 1972 1403 2011 Corium
1434 1971 1623 2012 adhaeret

144 2029 277 2068 Arena
297 2055 306 2069 ‚
338 2038 383 2066 ut
410 2024 647 2066 extrinsecus
675 2039 727 2066 ex
754 2028 886 2065 Arena
917 2027 1079 2066 omnino
1110 2026 1362 2068 involucrum
1390 2027 1467 2068 hoc
1495 2029 1623 2068 coria-

145 2099 260 2126 ceum
301 2082 519 2124 conflatum
553 2083 734 2124 videatur
749 2111 759 2127 ‚
791 2095 836 2123 ut
853 2085 1005 2124 vermis
1028 2083 1188 2138 quidam
1218 2083 1420 2125 fluviatilis
1437 2113 1449 2128 ,
1473 2087 1543 2139 qui
1567 2086 1625 2125 in-

145 2142 314 2183 volucro
346 2140 522 2195 quodam
559 2142 738 2195 operitur
767 2155 818 2181 ex
851 2142 1008 2181 minutis
1039 2141 1182 2196 lapillis
1223 2140 1399 2182 conflato
1430 2173 1438 2180 .
1483 2143 1623 2197 Figura

144 2200 298 2239 'Vermis
323 2197 435 2251 hujus
467 2199 608 2238 marini
632 2213 772 2253 parum
801 2196 931 2238 differt
962 2199 1011 2239 ab
1036 2198 1106 2238 illo
1124 2200 1163 2238 in
1180 2197 1340 2239 Tubulo
1366 2197 1553 2239 Testaceo
1570 2199 1627 2240 la-

149 2257 295 2296 titante
326 2271 335 2299 ;
366 2254 430 2296 sed
459 2265 566 2295 caret
595 2255 695 2307 Juba
726 2287 736 2300 ‚
768 2254 830 2296 seu
860 2255 1068 2308 Capillitio
1099 2283 1109 2298 ‚
1141 2258 1184 2297 &
1209 2257 1409 2310 utrimque
1442 2272 1511 2312 per
1540 2258 1624 2296 uni—

147 2310 298 2352 versam
338 2313 519 2366 corporis
558 2312 850 2367 longitudinem
881 2310 935 2351 est
965 2311 1129 2353 serratus
1160 2345 1169 2352 .
1215 2312 1326 2354 Fulvi
1351 2313 1510 2354 Coloris
1542 2313 1595 2354 est
1614 2345 1623 2359 ‚

150 2370 194 2409 &
225 2370 490 2421 magnitudine
520 2368 688 2410 duorum
719 2370 780 2410 vel
812 2371 934 2410 trium
977 2370 1172 2424 polhcum
1210 2368 1474 2411 Parifienfium
1509 2386 1518 2415 ;
1563 2369 1624 2411 sed

150 2429 278 2478 major
318 2424 439 2466 fastus
462 2425 714 2467 Involucrum
745 2427 916 2467 dimittit
939 2457 949 2472 ‚
979 2430 1021 2466 ὅ(
1053 2429 1101 2467 ad
1129 2428 1306 2482 pedalem
1334 2428 1625 2483 longitudinem

148 2481 339 2523 excrescit
356 2514 366 2528 ‚
397 2485 438 2524 ὅ(
457 2485 558 2524 inter
574 2485 791 2540 Petrobrya
822 2485 1056 2540 plerumque
1072 2486 1194 2527 vitam
1212 2485 1319 2540 degit
1336 2513 1343 2521 .

1540 2543 1627 2585 AP-
