1814 2902
221 249 296 278 122

214 327 294 381 Fig.
313 326 383 367 VI.
415 325 465 365 G.
492 323 545 365 est
560 323 675 367 solen
700 339 782 368 mas
810 326 979 383 vulgaris
995 356 1006 374 ‚
1035 329 1104 382 qui
1133 327 1230 369 duos
1247 326 1440 371 Cardines
1466 329 1586 374 habet
1608 333 1650 374 in

221 388 227 391 ’“
271 382 588 424 extremitatibus
607 413 615 421 .

213 440 292 493 Fig.
310 440 382 479 ΙΠ-
409 439 505 478 Sunt
521 439 726 482 Neritulae
755 439 986 483 cochleatae
1003 470 1012 479 .
1038 441 1104 483 Ad
1132 440 1168 481 F.
1199 439 1253 482 est
1268 442 1458 483 Neritula
1495 442 1645 488 labiata

270 497 399 537 minus
425 494 657 540 cochleata.
687 500 753 539 Ad
769 499 817 537 G.
844 498 897 538 est
921 498 996 539 alia
1011 499 1198 541 Neritula
1229 513 1311 539 non
1332 498 1504 546 labiata;
1534 503 1650 543 Vtra-

268 567 345 607 que
372 550 425 592 est
453 554 677 601 tricorum,
700 568 746 597 ut
775 555 860 596 sunt
888 555 1040 598 fortaffe
1065 555 1264 598 Cochleae
1300 570 1462 605 omnes,
1490 558 1650 601 &Tur-

266 611 375 650 bines
393 623 528 650 omnes
554 613 720 652 marini.
791 619 801 626 '

210 666 288 721 Fig.
306 668 395 707 VH.
415 667 451 705 Β.
476 668 519 706 ὅ(
534 668 579 707 C.
595 667 649 710 est
664 672 818 711 Cancer
835 671 1005 710 marinus
1029 683 1178 724 parvus
1196 670 1395 725 oblongus
1425 672 1648 727 variegatus
1727 690 1729 692 ’

265 724 362 764 CAP.
379 725 408 764 I.
425 721 641 779 descriptus
660 756 667 764 .
699 729 855 768 Cancer
870 726 936 769 iste
953 726 1006 769 est
1021 727 1170 782 latipes
1187 727 1237 769 ad
1254 728 1304 768 A.
1321 729 1371 768 A.

671 841 707 883 Τ
737 842 775 882 Α
806 843 835 883 Β
865 843 901 882 V
929 843 961 882 L
991 844 1030 884 A
1095 844 1115 883 Ι
1140 843 1186 883 V.

208 953 292 993 FIG-
310 955 340 994 I·
361 954 407 994 A.
426 959 543 1000 Stella
560 959 711 1000 marina
736 955 1002 1014 vulgatiffima
1017 971 1107 1016 cap.
1127 971 1214 999 1111.
1234 957 1455 1011 descripta.

206 1008 284 1064 Fig-
303 1012 353 1051 11.
388 1014 425 1052 B.
445 1015 498 1056 est
513 1016 650 1057 eadem
668 1043 677 1059 ‚
709 1013 772 1056 sed
801 1013 1048 1057 cruciformis
1065 1044 1076 1061 ,
1105 1014 1170 1058 seu
1188 1014 1448 1073 Τεω-αρακτίς
1465 1044 1475 1061 ,
1507 1013 1646 1058 fortas-

264 1065 301 1108 se
327 1068 486 1114 alterius
520 1075 685 1116 varietas
704 1101 712 1109 .
1107 1089 1110 1092 ⁴

204 1122 282 1177 Eg·
299 1127 344 1164 C·
363 1129 500 1171 eadem
519 1159 529 1173 ,
562 1130 623 1171 sed
642 1144 810 1186 corpore
841 1130 984 1173 latiore
1000 1160 1008 1168 .

205 1179 286 1278 Figci
301 1183 367 1278 IsV.
387 1186 436 1226 D.
452 1187 505 1227 est
521 1188 640 1228 Stella
654 1187 851 1227 Echinatis
880 1187 1003 1229 affinis
1022 1218 1032 1233 ,
1067 1188 1128 1230 sed
1149 1188 1273 1245 ,spinis
1292 1203 1425 1230 carens
1442 1203 1528 1243 cap.
1551 1200 1567 1226 1
1579 1198 1595 1226 1
1608 1199 1641 1226 1·

291 1254 310 1279 e
330 1254 383 1280 cr1
420 1254 484 1283 ta.

204 1295 281 1348 Fig·
293 1297 341 1336 V·
353 1298 377 1336 F
389 1257 548 1340 ertica
559 1299 687 1340 soluta
703 1298 942 1352 marsupium
951 1300 1113 1342 referens
1125 1315 1211 1356 cap.
1234 1316 1265 1342 1.
1276 1315 1316 1356 p.
1332 1315 1401 1349 41.
1424 1299 1620 1354 descripta
1632 1325 1640 1334 .

203 1352 280 1406 Fig-
299 1354 368 1394 VI·
387 1358 433 1396 G.
451 1359 592 1398 Vrtica
610 1355 737 1396 soluta
755 1353 990 1412 marsupium
1017 1357 1183 1399 referens
1198 1385 1209 1401 ,
1232 1356 1293 1398 seu
1310 1359 1449 1399 Podex
1469 1356 1640 1397 marinus

263 1423 350 1465 pag·
369 1426 437 1466 43-
455 1413 672 1469 descriptus
690 1441 698 1450 .

687 1528 722 1568 T
754 1529 791 1568 A
821 1529 850 1567 Β
880 1530 916 1568 V
944 1531 976 1569 L
1007 1531 1045 1570 A
1117 1531 1164 1569 V.

202 1641 281 1696 Fig.
300 1642 330 1738 Ii:
347 1640 407 1683 Est
415 1646 568 1685 Cancer
584 1642 749 1684 hirsutus
765 1643 995 1697 personatus
1012 1643 1133 1698 vulgo
1145 1645 1312 1698 sacchino
1328 1646 1453 1685 dietus
1466 1658 1555 1699 pag·
1574 1650 1636 1696 36.

258 1699 306 1739 de
326 1701 381 1740 cri
419 1713 478 1741 tus
496 1728 504 1736 ·

202 1755 280 1810 Fig.
301 1756 351 1796 ΙΙ.
382 1715 443 1798 ἔρ(
472 1757 635 1799 Balanus
676 1758 911 1815 compressus
941 1760 1085 1799 cortici
1099 1757 1318 1800 Testudinis
1347 1760 1520 1801 marinae
1546 1757 1639 1800 hae-

212 1830 217 1833 ·
259 1827 345 1852 rens
362 1842 372 1856 ,
404 1816 447 1855 &
463 1829 549 1871 cap.
566 1830 644 1857 xxr
657 1830 671 1857 1
686 1830 717 1857 1.
737 1830 826 1871 pag.
845 1829 902 1865 29.
921 1815 1136 1871 descriptus
1153 1847 1161 1854 .

201 1869 279 1924 Fig.
299 1871 369 1910 III.
388 1871 497 1912 Idem
515 1875 553 1912 in
571 1883 681 1926 parte
698 1872 829 1913 aversa
844 1871 1021 1926 espreffus
1039 1901 1048 1910 .
1537 1898 1539 1902 .
1568 1918 1574 1922 Ι

202 1926 279 1982 Fig.
298 1928 383 1967 XII.
400 1931 495 1968 Sunt
512 1928 645 1968 Balani
660 1927 865 1982 compreffi
882 1926 1152 1969 confertiffimi
1168 1942 1205 1969 n.
1231 1942 1246 1969 1
1261 1944 1292 1970 1.
1313 1943 1351 1984 p·
1365 1942 1429 1980 29-
1442 1927 1636 1985 descripti,

257 1997 427 2037 quorum
442 1985 530 2026 heic
548 1983 674 2039 figura
703 1986 863 2038 adjedra
879 1984 932 2026 est
948 2015 958 2030 ,
987 1987 1030 2026 ὃς
1057 1987 1096 2026 in
1113 1987 1348 2043 Appendice
1363 1987 1416 2027 Π.
1434 1999 1522 2041 cap.
1540 1999 1629 2028 1111.

258 2040 393 2081 melius
411 2041 705 2083 describuntur.

202 2096 279 2151 Fig.
294 2098 362 2138 IV.
378 2097 437 2138 Est
453 2098 618 2140 Concha
641 2098 846 2141 Anatifera
860 2113 948 2154 cap.
966 2111 1111 2141 xx1111.
1129 2098 1332 2156 descripta
1347 2128 1358 2145 ‚
1387 2099 1449 2141 sed
1474 2099 1549 2142 fine
1566 2115 1634 2156 pe-

255 2154 390 2196 diculo
409 2157 507 2196 male
528 2172 550 2197 a
566 2157 762 2213 prioribus
780 2159 975 2214 Operibus
992 2155 1129 2198 nostris
1144 2154 1237 2197 fieta
1252 2184 1261 2193 ·

199 2213 277 2265 Fig.
295 2214 362 2253 XI·
382 2213 526 2254 Eadem
544 2214 680 2255 melius
699 2243 709 2258 ‚
740 2216 783 2255 &
796 2230 888 2256 cum
905 2213 1092 2270 pediculo
1107 2212 1282 2270 expreffa
1299 2242 1309 2258 ‚
1337 2216 1381 2255 ὅ(
1410 2216 1450 2255 in
1467 2216 1631 2270 Appen-

257 2269 345 2308 dice
360 2284 447 2325 cap.
475 2286 555 2313 111-
575 2270 796 2327 descripta.

201 2324 278 2380 Fig.
297 2328 344 2366 V.
362 2327 562 2384 Tethyum
581 2357 590 2372 ‚
618 2328 680 2370 seu
712 2330 886 2371 mentula
917 2329 1067 2370 marina
1082 2329 1226 2371 Penem
1252 2331 1437 2370 caninum
1465 2327 1630 2370 referens

256 2397 340 2437 cap.
371 2400 386 2425 1
399 2400 414 2426 1
429 2401 458 2426 1.
473 2402 549 2442 pag
578 2399 641 2438 45-
659 2386 896 2442 descriptum
913 2413 922 2424 ·

203 2440 280 2493 Fig.
309 2441 374 2482 VI.
408 2443 624 2485 Buccinum
655 2445 829 2486 medium
845 2473 855 2488 ‚
888 2443 1048 2486 maculis
1078 2444 1189 2487 fuscis
1218 2445 1263 2485 ὅ(
1293 2443 1402 2486 flavis
1430 2443 1623 2485 donatum

262 2512 349 2553 cap.
365 2513 443 2540 xvx
459 2515 472 2540 1
485 2515 518 2540 1.
536 2515 627 2557 pag.
646 2516 712 2548 24.
730 2501 970 2556 descriptum
990 2529 1000 2536 τ
1441 2557 1479 2595 F

1471 2571 1519 2612 lg·
1532 2570 1580 2597 VI
1594 2568 1625 2595 1-
