1814 2902
444 230 1295 276 AESTVSMARITIMI
1541 241 1592 285 69

138 330 229 357 rum
258 316 573 357 exundationum
602 319 714 359 Mare
745 321 873 373 potius
909 318 1147 360 Fluminibus
1172 318 1400 374 obsequitur
1428 348 1440 365 ‚
1476 319 1594 372 quam

139 372 346 418 Flumina,
378 383 424 414 ut
438 387 510 429 par
525 387 636 421 erat,
666 376 772 416 Mari
794 374 1082 430 obsequantur.

527 487 1212 530 SCHOLIVMII.

139 602 190 690 I
206 605 246 644 N
278 603 601 658 praecedentibus
631 603 801 646 aliorum
828 602 1168 647 observationibus
1196 605 1240 645 &
1271 602 1406 645 nostris
1437 602 1601 646 ostendi-

221 674 304 700 mus
333 663 497 715 quidem
525 663 657 717 primo
683 661 776 702 loco
805 660 1082 702 Hadriaticum
1105 660 1229 702 smum
1256 676 1392 703 revera
1421 663 1602 717 proprie-

138 728 240 758 tates
271 717 432 772 alicujus
448 719 602 759 Fluenti
618 717 787 763 habere;
817 733 922 760 nunc
938 734 1033 760 vero
1049 718 1201 759 &alias
1228 720 1492 774 proprietates
1521 721 1603 772 ejus

140 774 428 817 declarabimus
447 802 458 819 ,
486 773 841 830 quae-fluminibus
873 774 960 816 sunt
988 775 1110 817 veluti
1140 774 1386 816 secundariae
1413 808 1420 815 .
1451 778 1500 817 Et
1526 775 1600 817 hae

141 828 231 871 sunt
261 829 380 871 Alvei
411 833 586 873 Elevatio
616 861 627 876 ,
658 832 859 876 Mutatio,
893 831 1105 876 Corrofio‚
1133 833 1296 873 Alluvio
1329 864 1335 870 .
1362 835 1411 874 Et
1440 832 1490 872 ad
1524 833 1602 888 pri-

140 901 248 928 mam
280 891 390 943 quod
421 890 566 930 attinet
595 887 784 930 fatebitur
813 888 973 945 quisque
999 889 1107 929 sanus
1133 890 1230 930 &in
1247 889 1303 929 his
1320 890 1432 931 rebus
1449 888 1510 931 vel
1529 903 1608 929 me-

143 946 334 986 diocriter
367 947 508 988 docs'tus
537 960 645 987 mare
671 945 846 987 nostrum
877 946 1076 988 elevatum
1105 944 1177 986 effe
1206 948 1246 986 in
1275 946 1388 987 alveo
1420 945 1512 992 suo,
1543 943 1606 987 seu

143 1001 307 1042 fundum
324 1003 405 1054 ejus
423 1003 545 1044 modo
574 1003 646 1044 effe
674 1004 855 1044 altiorem
886 1006 1007 1060 quam
1036 1002 1157 1044 fuerit
1181 1014 1296 1044 antea
1312 1034 1323 1050 ,
1350 1004 1388 1044 id
1418 1018 1465 1043 ue
1490 1013 1605 1059 patet

142 1059 208 1101 vel
239 1074 288 1100 ex
312 1061 470 1101 Cloacis
501 1058 587 1114 ipfis
613 1061 731 1101 Vrbis
764 1059 941 1104 nostrae,
971 1074 1041 1114 per
1070 1075 1164 1115 quas
1196 1063 1378 1115 aquae&
1420 1062 1533 1101 ordes
1563 1061 1604 1099 in

141 1117 331 1170 proxima
348 1116 536 1160 flumina,
567 1119 611 1158 ὃς
640 1132 708 1173 per
732 1117 828 1158 haec
861 1120 902 1158 in
933 1132 1041 1158 mare
1055 1116 1306 1162 defluebant,
1331 1118 1491 1172 quando
1508 1117 1605 1156 Viae

144 1174 261 1213 Vrbis
291 1185 462 1227 quatuor
487 1174 650 1229 pedibus
668 1176 710 1215 &
725 1176 889 1229 amplius
918 1184 1030 1213 erant
1053 1173 1331 1228 profimdiores
1351 1201 1360 1216 ‚
1392 1177 1512 1228 quam
1531 1187 1612 1213 rno-

144 1229 201 1270 do
229 1227 303 1269 sint
321 1259 331 1275 ‚
361 1242 407 1271 ut
434 1229 638 1271 manifesto
668 1228 940 1285 cognoscimus
969 1244 1017 1271 ex
1045 1232 1217 1285 antiquis
1234 1228 1402 1271 filicibus
1419 1232 1609 1271 aRoma-

147 1287 206 1326 nis
235 1287 276 1325 in
304 1285 511 1327 sternendis
542 1288 613 1326 viis
652 1285 782 1342 politis
812 1316 823 1330 ,
854 1289 923 1341 qui
947 1289 988 1327 in
1017 1286 1256 1328 exstruendis
1287 1289 1399 1330 novis
1430 1288 1605 1328 Aedibus

148 1340 287 1396 paffim
315 1342 558 1383 effodiuntur
574 1371 583 1386 ‚
613 1344 656 1383 &
679 1358 728 1384 ex
756 1344 995 1386 Pavimentis
1012 1342 1225 1385 Teffellatis
1243 1354 1420 1385 veterum
1436 1343 1610 1385 Aedium

150 1400 194 1439 &
212 1400 423 1440 Curiarum
452 1401 570 1441 Vrbis
587 1427 597 1443 ‚
627 1415 727 1454 quae
757 1401 896 1441 itidem
925 1400 1122 1456 profunde
1152 1399 1304 1455 sepulta
1334 1403 1612 1456 reperiuntur;

149 1468 285 1496 tamen
314 1471 415 1497 nunc
445 1471 568 1511 aquae
596 1457 639 1497 &
669 1455 797 1498 sordes
831 1459 933 1498 urbis
968 1460 1036 1500 vix
1068 1472 1136 1513 per
1165 1458 1334 1498 cloacas
1364 1460 1404 1498 in
1428 1459 1611 1513 proxima

150 1512 313 1554 fiumina
347 1515 390 1553 &
426 1528 533 1554 mare
562 1513 717 1568 poffunt
745 1512 944 1555 confluere
972 1541 984 1558 ,
1013 1524 1059 1554 ut
1088 1515 1179 1555 urbs
1210 1524 1449 1570 expurgetur
1479 1542 1490 1558 ‚
1521 1514 1614 1554 licet

154 1581 271 1610 tanto
302 1570 424 1612 altior
453 1568 499 1610 fit
525 1569 628 1611 facta
645 1601 653 1615 ‚
684 1580 731 1611 ut
755 1572 843 1613 viae
874 1570 1066 1627 plurimae
1094 1571 1200 1612 urbis
1232 1585 1482 1626 quacumque
1506 1573 1614 1612 tenui

156 1625 332 1667 fluminis
374 1628 548 1667 Arimini
586 1627 854 1667 exundatione
892 1630 1000 1682 aquis
1038 1628 1342 1682 compleantur,
1387 1627 1614 1685 praesertim

154 1683 252 1723 duae
269 1684 529 1737 Caudalunga
565 1685 608 1723 &
636 1682 780 1724 Clodia
809 1680 938 1725 dictae
966 1712 976 1729 ,
1015 1700 1114 1740 quae
1142 1684 1419 1740 posterioribus
1445 1687 1613 1726 Saeculis

158 1754 234 1779 una
261 1755 351 1780 cum
381 1740 467 1780 aliis
497 1740 716 1781 minoribus
743 1739 839 1781 loco
866 1739 1042 1782 inferiori
1059 1740 1243 1782 &versus
1260 1756 1366 1782 mare
1396 1744 1523 1783 minus
1557 1742 1615 1782 sa-

158 1797 311 1850 pienter
342 1798 442 1837 Vrbi
471 1795 628 1836 fuerunt
650 1796 851 1848 adjectae,
880 1813 1001 1852 quum
1032 1800 1161 1853 potius
1180 1796 1204 1838 fi
1223 1797 1503 1853 amplificanda
1535 1798 1616 1840 fue-

155 1863 221 1892 rat
247 1854 348 1893 Vrbs
367 1884 376 1898 ,
406 1867 487 1893 non
504 1866 551 1907 eo
568 1854 607 1891 in
625 1852 716 1892 loco
735 1881 745 1896 ‚
777 1851 841 1894 sed
866 1853 990 1894 versus
1009 1855 1180 1895 Monteis
1197 1855 1387 1897 debuerat
1403 1854 1619 1911 amplifica-

156 1909 215 1948 ri.
289 1925 377 1950 uare
402 1921 514 1965 patet
532 1910 682 1950 acutius
713 1908 947 1965 prospexiffe
975 1913 1179 1951 Romanos
1210 1914 1248 1951 in
1279 1914 1375 1953 urbe
1405 1913 1531 1953 nostra
1555 1928 1617 1954 ex-

159 1963 336 2006 struenda
353 1998 363 2012 ‚
395 1970 513 2020 quam
537 1965 709 2021 posteros
741 1968 781 2005 in
809 1981 855 2007 ea
881 1965 1161 2022 amplificanda
1178 1999 1188 2014 ‚
1214 1984 1336 2023 quum
1368 1968 1495 2025 spatio
1523 1971 1620 2010 duo-

157 2037 246 2063 rum
280 2024 447 2063 millium
478 2037 670 2062 annorum
687 2023 730 2062 &
744 2022 910 2078 amplius
935 2024 1033 2064 Vrbs
1052 2024 1116 2064 illa
1134 2037 1243 2065 vetus
1262 2041 1284 2066 a
1303 2029 1495 2068 Romanis
1525 2042 1619 2068 con-

159 2078 243 2119 dita
272 2094 487 2134 numquam
519 2081 626 2133 aquis
653 2077 859 2120 fluminum
889 2082 932 2120 δε
961 2095 1089 2121 coeno
1114 2081 1230 2123 fuerit
1254 2084 1484 2137 inquinata;
1514 2087 1622 2124 Con—

159 2145 220 2177 tra
249 2152 346 2178 vero
370 2139 469 2177 Viae
493 2138 669 2189 adjectae
686 2167 696 2182 ,
724 2138 767 2176 ὅ(
786 2137 927 2178 Portus
946 2153 1091 2178 novum
1110 2139 1346 2180 Suburbium
1363 2142 1519 2195 penitus
1550 2141 1622 2182 ho-

160 2193 222 2234 die
247 2206 478 2249 mergantur
495 2224 505 2239 ,
529 2195 572 2233 &
598 2204 729 2233 tamen
759 2208 861 2235 nova
879 2194 974 2235 haec
992 2192 1184 2235 Aedificia
1214 2198 1333 2238 trium
1358 2197 1417 2239 vel
1448 2209 1621 2252 quatuor

160 2247 397 2291 saeculorum
432 2262 603 2292 aetatem
638 2252 707 2291 vix
736 2249 945 2306 superant.
978 2252 1152 2292 Tantum
1186 2264 1292 2294 mare
1323 2257 1365 2295 ὃ(
1394 2257 1525 2295 vicina
1555 2254 1620 2297 Hu-

159 2307 266 2346 mina
296 2309 336 2346 in
364 2308 478 2349 alveo
508 2306 576 2348 suo
606 2309 750 2362 jugiter
783 2308 985 2350 elevantur
1011 2318 1017 2348 !
1048 2310 1172 2362 Hujus
1209 2313 1264 2350 rei
1298 2311 1424 2352 cauffa
1451 2311 1522 2352 effe
1553 2328 1622 2367 po⁴

160 2361 234 2402 test
265 2365 398 2405 Arena
416 2392 426 2407 ‚
459 2363 630 2410 Glarea,
659 2366 701 2405 &
733 2368 878 2407 Lutum
906 2369 1064 2421 ingens,
1094 2381 1194 2421 quae
1224 2369 1264 2407 in
1296 2370 1621 2410 exundationibus

157 2417 285 2460 secum
316 2420 514 2462 advehunt
551 2419 711 2462 flumina
747 2421 876 2464 nostra
908 2452 918 2467 ,
964 2437 1062 2477 quae
1095 2425 1214 2464 etiam
1258 2425 1335 2466 levi
1373 2440 1621 2481 quacumque

156 2475 296 2519 Pluvia
320 2492 448 2519 coeno
480 2479 636 2520 turbida
660 2491 874 2535 apparent.
902 2479 1118 2524 Observavi
1147 2484 1252 2523 enim
1281 2498 1358 2524 una
1386 2498 1477 2524 curn
1503 2482 1624 2535 Joanae

1475 2553 1522 2581 ne
1538 2540 1624 2583 Ma-
