1814 2902
547 207 828 248 MINVS
887 201 1163 248 NDTIJS
1523 203 1574 256 ἐς

256 299 342 337 Stat
366 297 497 348 fucare
526 295 641 337 colus,
671 308 733 334 nec
753 293 877 333 Sidone
908 293 1023 332 vilior
1053 295 1173 333 Ancon

257 354 404 393 Murice
421 382 430 396 ‚
447 358 508 390 nec
526 350 653 405 Libyco
669 380 678 390 .
706 352 768 398 (Ι)

145 414 280 464 Qare
298 423 389 449 cum
405 408 582 446 Anconae
611 406 748 445 eadem
779 403 854 444 fere
870 403 1094 459 Conchylia
1119 403 1292 459 prostent
1307 431 1318 446 ‚
1335 418 1435 458 quae
1468 403 1578 458 apud

143 482 216 508 nos
234 483 244 511 ;
274 463 462 506 credibile
479 462 532 502 est
547 490 557 504 ‚
589 474 635 502 ut
651 461 732 502 dixi
751 490 761 504 ,
782 475 832 501 ex
848 462 959 502 vario
973 460 1192 500 Turbinum
1210 487 1220 503 ‚
1239 462 1282 500 &
1299 461 1462 500 aliarum
1477 464 1581 501 Con·-

144 524 310 564 charum
343 533 482 575 genere
515 532 758 574 purpureum
773 517 951 557 colorem
980 515 1149 570 paraffe‚
1181 519 1291 570 cujus
1307 515 1451 571 coloris
1468 515 1579 557 vesti-

146 582 255 633 gium
273 580 314 617 in
331 577 389 616 his
407 576 628 616 turbinibus
646 576 808 628 virgatis
825 572 912 613 satis
930 571 1034 613 felici
1057 575 1221 613 inventu
1237 574 1367 627 reperi
1384 604 1392 612 .
1414 574 1581 613 'Notan-

143 638 240 677 dum
257 636 376 674 etiam
391 630 829 686 postremo.est,succum
845 630 988 670 horum
1004 631 1205 671 turbinum
1217 630 1362 670 coloris
1373 630 1483 670 rubri
1498 628 1583 670 sub-

146 690 302 732 obscuri
331 689 424 732 effe,
455 690 561 743 quod
579 699 813 743 argumento
841 686 896 727 est
910 688 1126 741 genuinam·
1151 698 1331 728 veterum
1357 688 1581 740 Purpuram

147 747 218 788 effe
234 776 244 791 ‚
276 760 400 801 quum
433 745 538 799 apud
555 744 657 798 ipsos
674 743 790 784 vestes
820 757 1039 800 purpureae
1071 758 1150 783 non
1165 746 1244 796 ejus
1268 744 1413 784 coloris
1438 742 1581 786 effent‚

145 819 226 858 quo
241 802 446 856 splendent
472 802 595 841 modo
611 800 730 841 nostri
759 801 945 856 temporis
971 801 1181 854 Purpurati
1194 801 1279 840 Viri
1295 832 1303 840 .
1334 799 1461 841 Color
1475 798 1582 841 enim

148 861 213 900 hic
232 857 357 899 noster
376 859 566 898 Puniceus
583 889 593 904 ‚
611 855 865 913 Spadiceusve
881 857 1077 898 veteribus
1096 857 1279 897 audiebat
1294 885 1304 900 ‚
1323 855 1386 898 sed
1401 867 1582 898 veterum

147 918 327 970 Purpura
356 925 439 956 erat
466 913 719 955 subobscurus
748 913 947 955 violaceus
975 913 1096 953 rubro
1116 913 1314 953 admixtus
1334 912 1447 954 color
1462 945 1472 959 ‚
1502 927 1584 967 quo

146 971 252 1013 sensu
267 986 374 1012 mare
405 969 647 1027 profundum
657 972 836 1012 Homero
847 983 1089 1024 purpureum
1103 970 1249 1010 dicitur
1265 998 1276 1013 ‚
1305 972 1451 1025 quique
1467 970 1583 1010 color

146 1029 283 1069 nostris
303 1028 544 1083 temporibus
561 1027 735 1082 Anglico
753 1054 764 1070 ‚
795 1028 856 1069 vel
873 1027 1032 1068 Gallico
1049 1025 1229 1067 sermone
1261 1028 1367 1070 Blew
1385 1056 1394 1070 ‚
1417 1028 1479 1068 vel
1492 1027 1583 1074 Bleza

148 1096 400 1137 nuncupatur
416 1099 427 1128 ;
456 1098 698 1138 quamquam
723 1085 841 1124 etiam
858 1083 962 1139 apud
979 1094 1128 1124 veteres
1144 1085 1364 1125 Coccineus
1380 1084 1581 1137 color‚qui

150 1142 322 1182 Puniceo
337 1139 390 1182 est
403 1137 527 1180 affinis
542 1168 554 1184 ‚
569 1156 644 1196 pro
656 1142 857 1194 Purpureo
874 1140 1073 1180 interdurn
1088 1141 1309 1193 accipiatur
1326 1168 1334 1177 .

147 1251 1568 1283 JQQQQQQQQQQWQQQQQ

457 1330 858 1392 CAPVT
962 1329 1292 1392 XXIII.

272 1473 291 1477 -
378 1451 648 1493 BALAst
693 1453 1068 1494 COMPRESSVS
1106 1466 1329 1504 MAJOR-

147 1547 176 1586 1-
205 1537 278 1625 B
297 1536 438 1576 Alanus
469 1534 534 1576 hic
562 1535 799 1590 compressus
843 1537 912 1589 qui
950 1551 998 1576 ex
1023 1535 1296 1590 Policipedum
1334 1548 1474 1589 genere
1501 1535 1556 1577 est
1575 1568 1585 1583 ‚

148 1616 154 1632 .=
310 1592 369 1633 sed
393 1592 527 1647 rnelius
557 1593 724 1647 Polypes
764 1590 825 1632 seu
855 1593 1026 1649 Polypus
1072 1591 1346 1647 appellaretur
1378 1623 1385 1630 .
1432 1593 1584 1634 Multos

148 1656 256 1693 enim
286 1650 402 1704 pedes
433 1648 671 1703 capillorum
695 1647 810 1687 instar
846 1662 894 1688 ex
923 1663 992 1689 ore
1033 1649 1200 1690 testaceo
1225 1650 1376 1691 emittit
1409 1678 1420 1693 ,
1452 1662 1496 1690 ut
1525 1652 1583 1691 vi-

149 1707 256 1748 dere.
276 1706 328 1749 est
351 1719 400 1746 ex
419 1705 558 1757 Figura
586 1705 639 1744 11.
653 1703 827 1745 Tabulae
858 1706 901 1743 V.
921 1706 1080 1746 Animal
1112 1717 1315 1761 praeterea
1331 1733 1340 1748 ‚
1372 1705 1397 1746 fi
1430 1722 1452 1747 a
1476 1717 1587 1761 parte

155 1764 305 1816 postica
341 1765 421 1814 ejus
445 1760 580 1802 Testae
611 1763 764 1801 corium
795 1762 994 1814 quoddam
1022 1762 1250 1803 detrahatur
1268 1790 1277 1804 ‚
1306 1762 1412 1802 velut
1443 1777 1585 1817 parvus

155 1824 255 1860 Cam
266 1832 391 1860 marus
425 1828 589 1872 apparet
617 1847 624 1855 .
657 1819 747 1856 Pars
770 1816 938 1870 denique
965 1819 1030 1857 illa
1055 1818 1205 1871 postica
1235 1820 1346 1858 corio
1372 1818 1443 1859 illo
1459 1821 1587 1861 detra-

158 1880 226 1918 <sto
261 1874 424 1932 pulchre
462 1871 677 1927 labyrinthi
718 1873 758 1912 in
801 1875 965 1914 modum
992 1886 1185 1914 excavata
1215 1876 1388 1915 cernitur
1420 1904 1431 1919 ‚
1478 1870 1603 1917 velut·

154 1935 344 1986 Agaricus
362 1931 424 1970 ille
442 1961 451 1975 ‚
466 1943 584 1984 quem
610 1930 891 1970 Botanicorum
914 1931 1098 1985 Princeps
1113 1925 1413 1971 Tournefortius
1431 1933 1589 1974 Daeda-

155 1990 222 2030 leis
249 1988 400 2029 finubus
433 1996 668 2027 excavatum
697 1997 817 2026 vocat
847 1990 924 2035 (2‘)
942 2015 950 2023 .
971 1986 1220 2028 Adhaerescit
1235 1987 1465 2043 plerumque
1481 1990 1589 2030 Bala-

159 2060 229 2086 nus
255 2044 322 2084 iste
349 2042 521 2083 solitarie
552 2042 767 2082 corticibus
794 2041 1011 2084 Testudinis
1043 2047 1237 2085 marinae-

213 2103 264 2141 ΙΙ.
295 2100 428 2140 Balan'i
445 2098 648 2154 compreffi
666 2096 937 2140 confertiffimi
952 2128 961 2142 ,
994 2098 1053 2140 sed
1078 2104 1244 2142 minores
1261 2104 1508 2157 reperiuntur
1523 2104 1590 2145 ad-

157 2159 356 2199 haerentes
388 2157 501 2209 lignis
530 2157 574 2195 &
602 2155 697 2196 saxis
723 2156 844 2197 nostri
874 2157 1013 2196 Portus
1031 2188 1041 2202 ,
1073 2158 1134 2198 led
1164 2159 1290 2198 adhuc
1308 2158 1587 2213 frequentiores

161 2215 407 2270 reperiuntur
432 2214 604 2253 venetiis
627 2214 745 2253 muris
772 2216 816 2254 δε
849 2212 947 2268 palis
984 2214 1192 2254 canalium
1224 2215 1487 2268 inhaerentes.

215 2271 287 2310 m.
320 2270 480 2308 Balanus
507 2269 736 2324 compressus
766 2283 929 2311 revocat
955 2272 998 2310 rin
1015 2282 1186 2312 mentem
1216 2272 1380 2312 Patellas
1399 2287 1588 2327 ‚quarum

159 2328 240 2367 duo
258 2339 397 2380 genera
411 2324 517 2379 apud
532 2339 601 2365 nos
625 2328 870 2382 reperiuntur
886 2359 893 2368 .
913 2329 1088 2370 Primum
1116 2330 1239 2371 rarius
1258 2329 1439 2383 quidem,
1455 2333 1498 2371 &
1517 2333 1587 2371 Pa-

1454 2387 1586 2429 tellam

196 2463 245 2498 (1)
263 2464 315 2493 Sil.
331 2465 421 2494 Italic.
430 2465 449 2494 l.
463 2475 529 2493 v111.
542 2466 609 2502 versi
620 2476 680 2500 437-

195 2501 239 2533 (ι)
257 2499 415 2537 Institution.
424 2502 461 2530 rei
469 2501 569 2531 herbar.
577 2512 640 2540 pag.
657 2507 715 2536 56²·
