1814 2902
190 225 246 265 94
566 257 569 259 -
640 226 644 228 ’
1037 228 1046 262 ’-
1153 228 1169 261 Γ

337 310 412 388 A
465 308 522 388 P
575 310 631 391 P
682 313 748 392 E
802 313 893 393 N
942 315 1025 394 D
1077 317 1111 396 I
1163 316 1234 398 X
1349 320 1381 398 I
1439 320 1505 403 L

272 453 556 498 coNTiNENs
581 459 815 501 CONCHAS
841 464 1031 513 RESQVE
1057 465 1201 505 ALIAs
1228 463 1383 508 MINVS
1408 468 1573 508 NOTAs

474 525 645 573 vavs
671 524 934 593 ADJEQTAE
951 528 1087 578 ‚SVNT
1115 529 1358 570 FLGVRAE.

612 643 1224 707 CAPVTI.

296 761 450 804 Connv
476 763 713 807 Haimoms
734 768 940 808 erToRIs
966 769 1247 809 LlnvnnmsIs
1280 783 1330 809 nt
1357 772 1542 812 Lonovu

511 835 764 864 PORRECTVM
795 838 850 865 AD
879 827 1049 866 ervvn
1081 839 1311 868 accentus.

211 933 467 968 ’²³2‘ss
499 939 676 978 Vomm
701 939 819 980 Liber
847 952 953 980 meus
982 939 1032 980 de
1045 938 1220 980 conchis
1255 941 1380 980 minus
1411 942 1515 981 notis
1544 945 1572 981 a'
1591 952 1659 982 me

307 1009 356 1045 :³
411 986 466 1048 ξ’ξὲ
511 997 725 1051 praecipue
754 994 999 1051 conscriptus
1030 996 1110 1037 fuit
1126 1006 1289 1052 propter
1320 998 1430 1038 varia
1445 999 1655 1039 Cornuum

196 1087 199 1096 f
511 1052 745 1093 Hammonis
780 1067 948 1107 genera,
979 1067 1080 1109 quae
1111 1054 1154 1093 in
1169 1055 1326 1094 Littore
1353 1053 1487 1095 nostro
1518 1055 1654 1096 nativa

194 1108 461 1164 gez-11
509 1108 679 1151 feliciter
708 1111 841 1152 inveni
868 1138 880 1154 ,
910 1124 1086 1165 quaeque
1116 1110 1180 1152 vel
1221 1111 1272 1151 ad
1301 1112 1468 1165 genuina
1492 1113 1655 1152 Cornua

508 1167 742 1207 Hammonis
761 1198 772 1213 ,
796 1167 860 1208 vel
888 1169 938 1208 ad
964 1167 1146 1208 Nautilos
1163 1195 1175 1212 ‚
1200 1168 1265 1210 vel
1293 1168 1344 1208 ad
1367 1169 1654 1210 Orthoceratia

172 1222 401 1277 pertinent,
424 1236 525 1279 quae
541 1222 683 1277 species
701 1223 1031 1264 Hammoniorum
1053 1222 1142 1264 sunt:
1168 1226 1304 1265 omnia
1320 1255 1331 1270 ‚
1361 1239 1485 1279 quum
1513 1226 1654 1265 intrin-

172 1278 252 1318 sece
276 1282 392 1320 variis
410 1279 673 1335 distincitisque
702 1280 851 1321 cellulis
877 1278 951 1320 sint
976 1281 1121 1321 donata
1139 1311 1150 1326 ,
1176 1283 1219 1320 &
1234 1281 1474 1321 extrinsecus
1489 1280 1650 1334 vestigia

170 1347 305 1376 earum
334 1337 567 1378 cellularum
591 1339 631 1376 in
647 1338 692 1377 iis
717 1347 934 1392 appareant
951 1365 962 1380 ‚
993 1337 1125 1392 placet
1141 1337 1228 1379 heic
1259 1339 1300 1377 in
1314 1337 1552 1392 Appendice
1567 1338 1652 1393 pri-

169 1405 237 1432 mo
270 1393 365 1434 loco
400 1408 600 1451 apponere
617 1408 738 1449 genus
766 1393 1028 1435 aliudCornu
1045 1393 1278 1435 Hammonis
1304 1395 1483 1435 nativum
1501 1424 1512 1440 ,
1537 1393 1656 1449 quod'

168 1449 209 1486 in
235 1451 394 1492 Littore
424 1450 652 1493 Liburnenfi
681 1451 916 1492 decemoeco
949 1453 999 1492 ab
1030 1450 1146 1492 heinc
1177 1452 1286 1492 annis
1312 1452 1440 1505 reperi
1466 1452 1646 1492 Etruriae

167 1519 290 1559 quum
321 1507 433 1548 essem
454 1539 465 1554 ,
490 1509 533 1547 &
552 1511 591 1548 in
606 1509 715 1548 calce
742 1506 1007 1562 Phytobasani
1037 1508 1144 1549 Fabii
1172 1508 1394 1548 Columnae
1420 1507 1649 1549 Florentiae

166 1577 189 1602 a
217 1579 281 1605 me
305 1564 426 1605 recufi
454 1563 633 1620 descripsi
649 1596 660 1610 ‚
690 1567 734 1605 &
749 1565 861 1619 pingi
890 1566 1050 1606 curavi.
1074 1567 1164 1606 Hoc
1180 1593 1190 1608 ‚
1218 1575 1262 1604 ut
1279 1566 1318 1604 in
1336 1580 1385 1605 eo
1401 1566 1524 1605 Libro
1541 1564 1649 1609 dixi‚ss

165 1620 391 1663 Semilituus
423 1637 504 1663 non
522 1624 656 1678 inepte
678 1620 807 1677 potest
821 1621 1016 1676 appellari
1033 1649 1043 1664 ‚
1069 1620 1131 1661 seu
1161 1622 1211 1661 ad
1228 1622 1388 1661 Lituum
1421 1622 1610 1661 accedens
1626 1652 1643 1669 ‚-

164 1688 209 1716 ut
225 1680 348 1720 modo
372 1674 532 1735 appello
548 1710 559 1725 ‚
582 1680 691 1734 quod
707 1689 866 1733 praeter
888 1689 1043 1734 partem
1069 1677 1322 1719 cochleatam
1339 1705 1349 1721 ‚
1378 1679 1644 1733 appendicem

161 1738 312 1776 recstam
339 1736 518 1778 ostendat
535 1765 545 1781 ‚
579 1748 625 1777 ut
641 1737 747 1776 Litui
776 1733 988 1776 ostendunt
1009 1748 1188 1776 veterum
1204 1734 1444 1776 Pontificum
1459 1763 1471 1779 ‚
1497 1738 1541 1776 &
1569 1749 1642 1777 no-

160 1790 328 1834 strorum
345 1794 561 1835 Flaminum
579 1821 590 1837 ,
618 1796 661 1834 &
690 1794 748 1834 uti
777 1790 864 1833 sunt
879 1794 986 1834 Litui
1014 1808 1038 1832 a
1064 1794 1329 1848 scriptoribus
1344 1792 1538 1833 Historiae
1555 1793 1637 1834 Na-

160 1859 270 1891 turae
299 1849 511 1905 descripti,
535 1852 594 1891 uti
623 1849 677 1889 est
701 1847 924 1905 praesertim
956 1850 1020 1890 ille
1054 1864 1076 1889 a
1100 1850 1268 1905 Breynio
1297 1848 1440 1889 relatus
1465 1848 1563 1888 Tab.
1581 1850 1633 1888 ΙΙ.

158 1905 224 1962 fig.
243 1909 294 1948 II.
327 1909 367 1946 in
385 1910 505 1948 Libro
522 1907 570 1947 de
585 1906 883 1962 Polythalamiis
900 1935 907 1943 .
943 1907 1111 1961 Breynio
1126 1908 1230 1947 enim
1257 1915 1419 1962 propter
1444 1906 1570 1945 varias
1589 1904 1637 1945 il·-

157 1963 213 2004 las
230 1963 402 2004 Cellulas
421 1964 712 2018 Polythalamia
737 1961 824 2003 sunt
853 1964 989 2003 omnia
1018 1963 1250 2004 Hammonis
1267 1965 1428 2003 Cornua
1446 1991 1455 2005 ,
1482 1961 1636 2002 Ortho-

156 2022 330 2064 ceratia,
360 2020 517 2062 Nautili
534 2049 545 2065 ‚
578 2022 682 2062 Lirui
701 2049 711 2064 ‚
744 2019 1017 2076 Semilituique
1034 2049 1043 2062 ,
1076 2030 1120 2061 ut
1149 2018 1276 2061 noster
1292 2047 1302 2063 ‚
1326 2021 1394 2075 qui
1420 2018 1554 2060 differt
1584 2019 1636 2060 ab

157 2094 204 2119 eo
225 2080 382 2133 Breynii
399 2107 409 2122 ‚
439 2079 549 2134 quod
566 2079 744 2119 nativum
769 2076 816 2119 fit
831 2106 842 2121 ,
867 2078 910 2117 &
927 2080 976 2118 ab
992 2076 1079 2132 ipso
1094 2079 1300 2119 Semilituo
1317 2106 1326 2120 ‚
1359 2075 1408 2117 fic
1426 2078 1532 2117 enirn
1563 2090 1634 2130 ap-

155 2135 262 2189 pello
281 2136 514 2178 Hammonis
533 2137 670 2176 Cornu
695 2135 889 2191 Rumphii
921 2150 942 2175 a
959 2136 1126 2189 Breynio
1143 2166 1152 2180 ‚
1185 2136 1227 2174 ὃ(
1259 2150 1280 2174 a
1298 2132 1503 2174 Gualterio
1534 2133 1632 2173 rela-

153 2203 239 2233 tum
258 2222 267 2236 ,
294 2195 402 2248 quod
420 2196 459 2234 in
487 2193 619 2234 nostro
637 2193 811 2234 Cochlea
842 2191 889 2232 fit
911 2194 1022 2232 unita
1037 2220 1046 2234 ‚
1079 2193 1122 2231 &
1138 2205 1218 2231 non
1234 2190 1406 2244 sejund’ca
1422 2221 1432 2236 ,
1458 2192 1501 2230 ὅ(
1518 2202 1631 2244 aper-

152 2260 195 2290 ta
212 2279 221 2293 ,
247 2262 293 2290 ut
323 2253 361 2290 in
381 2253 479 2292 veris
497 2252 621 2291 Lituis
637 2282 646 2296 ,
671 2266 692 2291 a
709 2251 847 2306 quibus
868 2263 1013 2290 nomen
1040 2247 1272 2291 sumserunt,
1302 2246 1544 2288 Pontificum
1568 2261 1633 2287 ve-

149 2319 277 2348 terum
304 2338 314 2352 ‚
345 2309 388 2348 &
418 2310 685 2349 recentiorum
718 2336 725 2343 -
759 2308 823 2349 Ad
852 2308 1011 2347 Lituum
1049 2309 1167 2361 igitur
1206 2307 1361 2346 accedit
1388 2304 1464 2346 hoc
1490 2307 1629 2346 Cornu

151 2365 386 2405 Hammonis
418 2368 454 2406 in
472 2367 629 2406 Littore
645 2362 868 2406 Liburnenfi
897 2365 1075 2404 nativum
1092 2396 1102 2410 ,
1127 2364 1233 2418 quod
1251 2363 1339 2404 heic
1367 2362 1544 2404 describo
1562 2392 1571 2406 ‚
1587 2363 1632 2402 &

148 2420 317 2476 figuram
347 2425 497 2478 apponi
524 2425 658 2464 curavi
684 2425 724 2463 in
755 2421 853 2463 Tab-
869 2423 899 2461 1.
933 2418 996 2475 fig>
1017 2424 1065 2463 X.
1098 2421 1165 2463 sub
1191 2422 1324 2462 littera
1349 2421 1407 2459 O.
1432 2416 1629 2462 Albisfimi

152 2481 298 2521 coloris
327 2480 380 2521 est
409 2481 506 2522 haec
523 2479 638 2522 Testa
654 2509 665 2524 ‚
695 2481 756 2520 uti
779 2482 823 2521 ὃς
848 2477 1003 2534 sequens
1023 2506 1031 2515 .

1499 2544 1629 2572 CAPVT
