1814 2902
188 217 245 263 78
645 207 1202 249 SPECIMEN

191 297 406 342 Refluxum
439 299 632 352 majorem
667 296 740 339 effe
768 295 897 340 altero
923 297 1045 340 Fluxu
1062 326 1074 342 ‚
1105 299 1149 339 &
1177 295 1378 342 Refluxu,
1395 298 1533 342 Hieme
1563 302 1653 356 qui..

192 357 283 398 dem
297 353 466 408 Vespere
483 369 494 400 ;
511 353 667 396 Aestate
696 368 792 396 vero
807 353 960 397 summo
989 369 1103 396 mane
1133 354 1211 395 hoc
1234 353 1462 396 observavi.
1488 358 1554 399 Ad
1568 361 1649 401 Ae.

189 411 292 454 stum
321 412 444 453 Maris
472 410 653 454 conferre
680 412 802 454 etiam
825 413 980 456 Solem,
1008 414 1134 453 immo
1165 410 1291 468 ipsum
1319 412 1425 467 apud
1450 426 1519 453 nos
1545 415 1650 457 diur-

189 483 288 511 num
316 468 362 508 ὃ(
384 482 559 510 annuum
583 467 731 511 aestum
756 483 888 524 regere
917 497 928 514 ‚
967 472 1120 511 Lunam
1151 483 1246 511 vero
1275 468 1539 512 menstruum.
1570 471 1651 513 Ha..-

190 526 406 568 driaticum
424 522 548 566 finum
576 525 808 581 plerumque
836 528 924 582 plus
942 527 1082 582 Aquae
1104 527 1313 567 continere
1328 527 1469 575 Hieme
1487 553 1498 570 ‚
1529 541 1650 581 quam

187 581 378 626 Aestate;
406 595 527 635 quare
542 582 845 624 Intumescentia
868 584 988 624 maris
1004 612 1015 627 ,
1031 584 1075 624 &
1092 581 1410 624 Detumescentia
1438 596 1520 623 non
1550 585 1651 627 mul,-

186 650 277 681 tum
307 639 464 679 variant
473 638 613 679 Hieme
637 638 848 682 &Aestate
864 669 876 684 ‚
903 641 947 679 &
962 638 988 680 fi
1005 642 1160 681 variant
1174 669 1186 684 ‚
1202 639 1242 679 id
1257 640 1410 680 accidit
1440 653 1650 696 compara-

185 706 231 737 te
246 726 257 735 .
285 695 398 736 Mare
426 695 469 735 in
493 695 628 737 medio
640 694 778 737 Fluxus
798 725 808 742 ,
838 696 1052 752 itidemque
1085 699 1125 738 in
1155 695 1288 736 medio
1317 694 1509 737 Refluxus
1540 697 1650 740 velo-

184 753 270 794 cius
296 761 483 794 movetur
498 780 510 795 ‚
538 754 583 793 &
609 750 855 794 ascendendo
879 754 942 796 vel
969 752 1238 795 descendendo
1253 752 1551 806 quodammodo
1576 752 1650 796 sal-

181 819 247 851 tat
264 836 273 846 .
304 809 416 850 Inter
445 808 615 850 Fluxum
641 810 686 849 &
715 808 931 851 Refluxum
947 810 1204 865 Aquistitium
1226 810 1374 850 accidit
1390 840 1402 856 ‚
1437 810 1545 864 quod
1574 824 1651 866 per

184 865 342 920 aliquot
370 865 489 907 horas
518 866 719 908 interdum
746 866 863 907 durat
892 897 901 905 .
931 869 1056 907 Venti
1083 866 1248 908 violenti
1278 864 1455 907 efficiunt
1481 867 1646 922 quidem

183 931 229 963 ut
254 923 376 976 magis
409 921 576 964 fluctuet
591 923 729 970 Mare,
751 924 797 964 &
811 924 936 978 magis
951 923 1188 964 extendatur
1204 950 1214 965 ‚
1254 937 1334 962 non
1357 921 1535 963 efficiunt
1550 938 1656 965 vero‘

181 988 230 1020 ut
255 980 427 1021 multum
455 989 608 1021 tumeat
637 996 648 1026 ;
685 991 810 1022 tumet
839 991 975 1022 tamen
1005 979 1112 1035 apud
1141 992 1212 1019 nos
1241 978 1406 1019 instante
1434 979 1498 1021 vel
1527 978 1650 1021 flante

180 1034 399 1079 Subsolano
415 1037 459 1077 &
475 1037 621 1079 Austro
636 1069 644 1077 .
675 1039 931 1093 Deprimitur
960 1051 1056 1078 vero
1073 1035 1192 1079 fiante
1206 1036 1344 1077 Circio
1373 1037 1416 1076 δε
1431 1036 1648 1091 Aquilone.

179 1090 208 1133 fi
234 1090 309 1133 sint
336 1094 540 1135 diuturni.
574 1094 768 1149 Qalibet
793 1094 904 1136 Hora
930 1097 973 1136 &
998 1093 1182 1149 quolibet
1196 1094 1331 1134 Vento
1347 1123 1359 1140 ‚
1389 1093 1513 1133 modo
1541 1094 1570 1134 is
1600 1091 1649 1135 fit

181 1148 409 1194 violentus,
438 1149 606 1192 fluetuat
623 1154 763 1197 Mare,
793 1162 924 1192 tamen
954 1151 1184 1192 naturaliter
1209 1152 1332 1204 magis
1358 1148 1550 1191 flud’cuare
1578 1164 1650 1204 ap-

181 1216 297 1261 paret
317 1216 497 1262 tempore
512 1207 654 1248 Fluxus
671 1236 682 1252 ‚
695 1211 816 1262 quam
847 1218 1031 1261 tempore
1047 1206 1257 1248 Refluxus·
1301 1207 1497 1260 Qietum
1524 1208 1649 1260 igitur

179 1264 227 1304 &
253 1264 510 1318 tranquillum
539 1266 664 1319 magis
695 1263 771 1310 est,
803 1264 959 1305 Aestate
975 1264 1136 1318 quidem
1167 1262 1320 1303 summo
1349 1277 1462 1303 mane
1480 1290 1490 1305 ‚
1507 1262 1649 1305 Hieme

179 1333 276 1360 vero
292 1321 499 1361 occidente
513 1320 604 1360 Sole
622 1350 630 1357 .
663 1322 775 1362 Mare
789 1320 955 1375 denique
971 1319 1147 1361 nostrum
1181 1320 1372 1374 Superum
1401 1332 1537 1359 revera
1554 1334 1650 1374 pro..

177 1377 367 1431 prietates
404 1377 569 1430 alicujus
597 1379 729 1433 magni
761 1376 916 1418 Fluenti
952 1377 1075 1418 habet
1103 1406 1115 1422 ‚
1153 1390 1277 1431 quum
1306 1373 1472 1415 Cursum
1511 1389 1648 1429 querna

176 1432 269 1473 dam
293 1446 530 1490 perpetuum
559 1436 608 1476 ab
636 1433 739 1476 aestu
770 1433 968 1476 diversum
1000 1432 1125 1475 servet
1148 1461 1159 1477 ,
1205 1435 1245 1474 in
1275 1431 1406 1473 Alveo
1422 1431 1489 1473 suo
1525 1432 1650 1474 eleve-

177 1500 242 1530 tur
257 1517 269 1533 ,
300 1505 324 1531 a
347 1493 459 1532 terris
489 1491 719 1545 quibusdam
743 1492 941 1532 interdum
957 1490 1119 1532 recedat
1137 1518 1148 1534 ‚
1179 1489 1329 1531 &alias
1348 1489 1561 1530 Alluvione
1575 1503 1649 1530 oc-

177 1556 324 1601 cupet,
350 1548 414 1588 vel
440 1549 657 1589 corrodat·
684 1547 758 1588 Sed
786 1546 947 1588 receffus
972 1547 1030 1588 isti
1057 1545 1353 1601 alluvionesque
1381 1544 1648 1589 &Corrofi0-

180 1616 248 1644 nes
271 1604 378 1658 apud
407 1618 479 1646 nos
503 1619 585 1646 non
608 1603 695 1645 sunt
711 1618 769 1646 res
786 1604 1028 1645 immodicae
1045 1632 1054 1641 .

638 1717 1207 1766 APPENDIX0

178 1831 390 1920 HE-1c
419 1831 658 1878 Coronidis,
689 1842 734 1872 ut
765 1835 877 1882 ajunt
905 1860 916 1876 ,
955 1829 1051 1870 loco
1081 1829 1343 1883 apponendae
1373 1829 1494 1871 essent
1529 1832 1644 1884 quin-

313 1890 522 1944 quennales
552 1887 702 1928 nostrae
736 1885 1041 1929 Observationes
1070 1913 1083 1930 ,
1112 1883 1176 1926 seu
1211 1885 1485 1940 Ephemerides
1522 1888 1642 1929 mari-

176 1961 277 1994 nae,
302 1959 403 2000 quae
430 1943 709 1986 confirmarent
738 1959 784 1985 ea
800 1975 811 1990 ,
840 1957 941 1998 quae
955 1957 1005 1983 ex
1019 1940 1108 1999 ipfis
1137 1941 1423 1999 excerpsimus,
1452 1954 1574 1998 atque
1601 1945 1646 1985 in

176 2004 281 2044 hunc
298 2004 459 2044 Librum
489 2002 728 2044 contulimus
743 2031 755 2048 ‚
787 2012 832 2041 ut
849 2002 894 2042 iis
909 2001 978 2055 qui
994 2000 1091 2041 haec
1111 1999 1282 2055 legerint
1311 1997 1430 2042 fidem
1448 1999 1616 2041 facerem
1629 2027 1640 2038 .

177 2062 328 2102 Verum
357 2059 424 2103 hi,
441 2058 578 2100 fihaec
608 2074 707 2114 quae
740 2056 1000 2114 excerpsimus
1031 2070 1115 2098 non
1144 2057 1306 2099 credant
1332 2085 1345 2101 ‚
1373 2054 1492 2099 fidem
1519 2058 1642 2100 etiam

178 2132 258 2158 non
289 2117 534 2159 adhibebunt
548 2116 866 2173 Ephemeridibus
890 2113 1198 2170 quibuscumque
1214 2144 1223 2151 -
1255 2115 1391 2169 Qare
1414 2129 1641 2171 provocan-

180 2174 221 2215 di
247 2174 365 2216 essent
382 2204 391 2219 ‚
407 2184 453 2215 ut
482 2174 577 2215 haec
607 2175 780 2230 propriis
804 2171 1140 2214 observationibus
1170 2173 1318 2212 iterum
1343 2172 1639 2227 experirentur,

180 2231 517 2285 quemadmodum
547 2247 624 2287 ego
655 2243 699 2272 ut
723 2231 977 2287 experiantur
1005 2243 1054 2271 ex
1090 2230 1211 2269 animi
1238 2227 1428 2270 sententia
1455 2242 1638 2283 provoco

182 2290 225 2329 ὃς
252 2290 396 2345 cupio.
434 2290 523 2330 Huc
552 2287 652 2330 adde
667 2319 678 2334 ‚
703 2288 788 2330 istas
802 2285 1139 2341 *Qinquennaleis
1156 2285 1429 2340 Ephemeridas
1459 2286 1554 2326 licet
1579 2286 1639 2326 in-

184 2356 378 2400 terruptas
402 2345 474 2386 effe
502 2344 738 2400 longissimas
753 2375 764 2391 ‚
797 2359 887 2386 nam
903 2344 1081 2386 horariae
1112 2341 1200 2384 sunt
1224 2354 1271 2383 ut
1285 2343 1502 2398 plurimum
1519 2374 1531 2390 ‚
1558 2355 1639 2383 non

183 2403 346 2444 diurnae
376 2414 531 2444 tantum
548 2434 557 2448 ,
587 2405 630 2443 &
658 2403 858 2445 interdum
888 2402 939 2443 ad
967 2414 1116 2443 xx1111.
1149 2400 1264 2441 horas
1298 2403 1503 2442 continuas
1525 2398 1640 2441 &uh

184 2469 246 2502 tra
274 2457 362 2501 sunt
387 2460 606 2517 productae
623 2491 634 2508 ,
665 2463 708 2502 ἃ
724 2462 953 2515 plerumque
970 2460 1084 2502 horas
1101 2459 1287 2519 plurimas
1305 2458 1461 2499 illorum
1489 2458 1639 2498 dierum

1554 2527 1649 2556 con-
