1814 2902
235 210 290 249 34
665 197 1232 243 DECONcnls

235 293 433 321 carcerem
450 307 461 323 ‚
495 279 753 320 commodum
769 290 899 323 tamen
917 311 928 327 ,
955 279 1022 324 fibi
1041 297 1154 339 paret
1168 316 1178 327 .
1208 288 1255 328 In
1270 302 1466 334 marmore
1479 295 1583 336 enim
1600 295 1672 337 du,

237 334 384 377 riffimo
402 336 601 377 interdum
625 336 784 378 latitant
813 337 1004 380 Pholades
1022 369 1033 383 ‚
1058 355 1105 382 ne
1135 343 1231 385 dum
1261 346 1301 385 in
1328 346 1520 403 lapidibus
1536 367 1671 393 arena·

235 394 329 436 riis;
366 393 474 446 quod
491 394 635 434 mirum
666 391 752 436 sane
775 393 854 439 est,
881 409 1005 451 quum
1035 397 1103 439 nisi
1133 400 1271 442 validis
1300 402 1583 458 lapidariorum
1597 408 1672 450 fer-

234 451 416 490 ramentis
448 464 530 490 non
558 449 781 492 avellantur
801 479 809 488 ·

256 572 1646 620 QQQQQQQQQQQQQQQ

336 675 728 780 PARS
821 690 1581 787 SECVNDA

471 852 874 924 CAPVT
956 856 1444 920 PRIMVM

256 967 466 1007 CANCER
505 981 719 1008 LATIPES
757 982 952 1012 PAvas
993 983 1253 1013 OBLONGVS
1290 985 1645 1016 VARIEGATVS.

232 1086 262 1124 I.
294 1081 590 1171 Hchsque
614 1083 662 1125 de
685 1085 930 1141 Corporibus
962 1088 1119 1129 marinis
1147 1085 1257 1128 duris
1288 1087 1447 1142 quidem
1475 1090 1521 1130 &
1549 1091 1677 1130 minus·

431 1142 534 1181 notis
550 1144 699 1196 egimus
716 1170 727 1186 ‚
761 1155 859 1196 quae
882 1145 1025 1185 Graeci
1055 1145 1104 1185 ad
1120 1143 1465 1192 Ostracodermata
1478 1144 1677 1192 referunt,
1701 1169 1706 1171 -

231 1214 337 1240 nunc
369 1212 462 1241 vero
492 1197 541 1239 de
573 1200 616 1238 iis
632 1198 851 1252 agendum,
881 1213 979 1253 quae
993 1200 1108 1242 Testa
1136 1200 1296 1254 quidem
1323 1200 1455 1255 aliqua
1485 1203 1675 1258 operiun-

231 1266 324 1302 tur,
355 1257 419 1297 vel
447 1253 628 1309 constant
644 1283 655 1298 ‚
680 1253 741 1296 sed
759 1257 885 1297 minus
903 1257 1000 1298 dura
1030 1273 1040 1303 3
1071 1257 1166 1298 haec
1192 1257 1316 1312 vulgo
1343 1258 1550 1300 Crustacea
1567 1286 1578 1302 ,
1607 1258 1673 1300 vel

232 1312 414 1353 Crustata
448 1311 652 1367 appellant
681 1339 692 1354 ‚
728 1314 839 1364 cujus
877 1315 1026 1367 generis
1058 1311 1299 1368 potiffimum
1331 1312 1418 1354 sunt
1446 1343 1457 1359 ,
1497 1316 1672 1358 Cancri,

232 1369 367 1410 Astaci
388 1399 398 1415 ,
423 1367 612 1408 Locustae
629 1397 639 1412 ‚
668 1367 864 1423 Squillae,
897 1369 1040 1410 Stellae
1069 1371 1269 1415 marinae,
1297 1371 1342 1410 &
1370 1369 1447 1412 alia
1476 1369 1676 1425 hujusmo-

234 1426 275 1468 di
299 1456 306 1465 .
338 1427 400 1466 De
425 1439 566 1479 genere
596 1426 707 1466 omni
736 1424 878 1465 horum
910 1426 1022 1466 nobis
1052 1440 1164 1480 agere
1194 1440 1275 1466 non
1306 1425 1359 1467 est
1389 1429 1539 1468 animus
1571 1443 1581 1472 ;
1611 1425 1673 1468 fiad

232 1495 389 1524 tantum
420 1492 464 1523 ut
496 1481 572 1522 fert
593 1479 769 1537 praesens
798 1480 1026 1523 Institutum
1058 1483 1251 1537 quaedam
1279 1484 1514 1539 attingemus
1532 1512 1542 1527 ‚
1573 1498 1675 1538 quae

235 1541 361 1581 minus
398 1550 494 1579 nota
510 1535 600 1578 sunt
619 1569 629 1585 ,
654 1539 697 1577 &
723 1537 885 1578 inlibris
917 1536 1052 1594 passim
1077 1553 1161 1579 non
1190 1538 1409 1593 descripta.
1442 1538 1674 1593 Cujusmodi

232 1596 284 1637 est
298 1597 451 1637 Cancer
468 1595 533 1635 hic
559 1595 698 1650 latipes
716 1623 725 1639 ,
738 1594 861 1649 ‘quem
881 1597 1010 1650 primo
1025 1594 1364 1636 loco-exhibemus
1379 1623 1391 1639 ‚
1416 1598 1461 1637 &
1482 1596 1581 1638 Tab·
1600 1598 1670 1637 III.

233 1652 359 1708 figura
373 1654 466 1695 Vlla·
481 1651 548 1693 sub
564 1652 701 1692 litteris
730 1653 759 1692 B
787 1652 830 1691 &
851 1653 893 1699 ¹C
925 1650 1013 1691 satis
1030 1663 1122 1706 apte
1153 1650 1230 1691 fuit
1259 1651 1477 1707 expolitus.
1509 1653 1673 1695 Ronde-

232 1710 346 1752 letius
369 1708 458 1767 post
483 1707 735 1750 Aristotelem
765 1709 914 1763 primus
942 1705 1143 1763 descripsit
1165 1709 1365 1761 Cancrum
1394 1708 1606 1764 latipedem
1621 1707 1672 1750 fic

235 1768 388 1809 dictum
413 1782 435 1807 a
450 1767 599 1807 duabus
616 1764 734 1806 chelis
753 1793 763 1809 ,
793 1778 888 1820 quas
905 1765 1002 1806 latas
1026 1765 1146 1805 habet
1174 1765 1216 1804 in
1244 1767 1492 1807 extremitate
1508 1794 1518 1809 ‚
1543 1776 1588 1807 ut
1614 1768 1672 1807 vi-

233 1825 324 1865 dere
338 1823 392 1865 est
405 1823 513 1878 apud
529 1823 709 1863 eumdem
727 1828 800 1871 (a‘)
815 1851 831 1867 ,
857 1823 969 1862 &in
994 1821 1144 1861 Tabula
1178 1819 1307 1860 nostra
1336 1820 1404 1862 sub
1421 1823 1561 1862 litteris
1580 1823 1670 1863 AA.

230 1881 420 1937 Ignobilis
438 1881 596 1935 quidem
611 1877 663 1918 est
678 1876 922 1919 Rond'eletio
937 1878 1093 1932 Latipes
1119 1878 1270 1917 Cancer
1282 1907 1293 1922 ‚
1325 1878 1433 1932 quod
1449 1879 1555 1933 apud
1572 1877 1672 1920 Mas-

231 1936 388 1980 filienses
419 1935 503 1977 suos
535 1932 858 1990 frequentiffimus
884 1933 932 1975 fit
949 1964 959 1980 ,
990 1934 1032 1974 &
1059 1947 1201 1987 parvus
1226 1964 1236 1980 ,
1263 1945 1308 1976 ut
1337 1937 1445 1975 nucis
1475 1935 1670 1990 juglandis

210 1994 540 2050 'magnitudinem
572 2008 662 2033 raro
680 1990 833 2046 superet
852 2019 860 2028 .
893 1992 1020 2032 Nobis
1044 1993 1198 2031 Cancer
1222 1991 1291 2032 iste
1321 1990 1460 2046 latipes
1493 2005 1572 2032 non
1588 2004 1670 2033 tam

230 2051 412 2107 ignobilis
431 2051 584 2092 videtur
602 2077 613 2093 ‚
639 2060 723 2089 turn
741 2050 835 2104 quia
854 2063 933 2089 non
949 2060 1031 2089 tam
1048 2047 1226 2102 frequens
1242 2075 1256 2091 ,
1280 2058 1365 2089 tum
1382 2049 1489 2103 quod
1508 2049 1670 2102 pulchre

236 2108 281 2150 fit
297 2110 516 2163 variegatus
534 2137 544 2152 ,
569 2117 613 2147 ut
641 2120 879 2147 marmoreus
895 2106 1072 2146 videatur
1090 2137 1097 2143 .
1128 2105 1333 2145 Praeterea
1350 2119 1428 2145 non
1445 2104 1561 2145 instar
1578 2107 1672 2146 Nu-

235 2168 289 2206 cis
307 2166 499 2220 juglandis
516 2161 698 2219 globosus
715 2162 769 2203 est
798 2175 843 2203 ut
867 2162 932 2203 ille
947 2161 1177 2212 Rondeletii
1190 2188 1201 2204 ‚
1225 2159 1286 2202 sed
1303 2161 1575 2217 complanatus
1591 2193 1601 2208 ,
1624 2163 1671 2203 δε

236 2225 415 2277 quamvis
431 2224 542 2263 nobis
559 2236 701 2277 parvus
717 2221 872 2261 dicatur
888 2234 912 2266 ‚·
929 2220 970 2260 id
996 2229 1224 2275 comparate
1247 2218 1398 2259 dietum
1412 2216 1466 2259 est
1482 2219 1529 2259 ad
1544 2217 1642 2260 alios
1659 2234 1669 2264 ;

235 2282 316 2332 ejus
332 2282 437 2320 enim
456 2278 738 2335 magnitudinis
757 2277 890 2318 saltem
905 2275 959 2318 est
972 2305 983 2320 ‚
1012 2291 1087 2331 qua
1103 2279 1143 2317 in
1157 2274 1312 2317 Tabula
1333 2277 1507 2316 cernitur
1523 2307 1529 2314 .
1562 2276 1670 2328 Qa-

238 2352 279 2377 re
296 2336 421 2392 specie
452 2337 617 2377 omnino
647 2333 840 2377 diversum
857 2336 906 2375 ab
922 2350 969 2376 eo
986 2334 1214 2375 Rondeletii
1243 2331 1314 2373 effe
1339 2333 1510 2373 arbitror
1527 2363 1535 2372 .
1565 2333 1669 2373 Rete

237 2408 261 2433 a
279 2391 545 2448 piscatoribus
565 2407 780 2448 numquam
794 2393 952 2447 capitur
967 2423 977 2438 ,
1005 2392 1049 2431 ὃ(
1064 2391 1230 2446 proinde
1247 2390 1297 2431 ab
1313 2391 1355 2431 iis
1373 2404 1451 2431 non
1468 2388 1643 2443 rejicitur
1659 2419 1672 2436 ‚

1628 2457 1672 2486 ut

278 2536 332 2567 (a)
351 2534 410 2565 Lib.
422 2535 561 2564 xv111.de
573 2534 691 2572 Piscibus
703 2555 710 2561 .
733 2537 801 2568 Cap.
815 2543 911 2562 xvru.
925 2543 985 2570 pag.
1000 2544 1036 2561 m.
1054 2539 1111 2566 565.
