1814 2902
218 237 292 275 124

563 373 918 420 TABVLA
977 379 1299 423 1V APP.

212 490 289 544 Fig.
306 488 355 530 A.
370 489 425 532 est
439 490 646 532 cancellus
669 497 795 547 major
810 525 820 541 ,
848 495 1059 547 majoribus
1076 495 1211 537 Chelis
1234 493 1431 537 bisulcatis
1447 523 1458 540 ,
1485 496 1529 536 ὃς
1543 496 1648 538 inae-

324 548 501 603 qualibus
524 561 744 601 cap.xm1.
762 553 802 591 in
818 550 1052 606 Appendice
1068 551 1281 608 descriptus
1298 584 1306 592 .
1325 551 1390 594 Ad
1408 567 1435 592 e.
1454 551 1508 592 est
1520 552 1647 595 Chela

329 606 472 646 dextra
501 607 649 657 major.
862 652 864 654 v

213 661 293 717 Fig.
311 663 350 702 B.
370 660 423 702 est
438 664 592 702 Cancer
616 663 801 704 cordatus
818 694 829 709 ‚
856 663 917 705 seu
932 664 1135 721 sagittatus
1153 676 1262 707 totus
1295 664 1465 707 hirsutus
1474 679 1562 721 cap.
1575 664 1645 708 ,xv-L

325 720 365 759 in
383 719 616 776 Appendice
632 717 857 774 descriptus.
879 722 951 762 Sed
967 725 1091 778 magis
1108 721 1161 764 est
1175 721 1367 777 globosuS,
1382 737 1501 779 quam
1518 726 1648 780 expri-

328 787 484 817 matur.

583 833 943 876 TABVLA
999 838 1050 878 V.
1107 837 1277 879 APP.

209 949 290 1006 Fig.
310 953 359 1049 l}
375 949 560 993 Oestrum
576 982 588 998 ,
615 952 678 994 seu
706 949 830 993 Afilus
853 952 1026 993 marinus
1053 966 1140 1008 cap.
1157 966 1223 994 xv.
1255 955 1295 993 in
1319 952 1552 1011 Appendice
1580 953 1645 996 de-

343 1023 398 1049 cr1
433 1018 519 1050 tus.
1407 1023 1425 1030 *-

207 1067 285 1121 Fig.
306 1067 347 1106 B.
368 1021 478 1106 Idpem
495 1067 536 1107 in
555 1077 665 1123 parte
681 1066 817 1123 supina
832 1068 1049 1123 expressum
1068 1096 1075 1105 ·

206 1123 285 1176 Fig.
305 1125 350 1162 C.
367 1125 501 1176 Caput
525 1122 622 1164 Afili
641 1127 748 1166 vitro
774 1128 933 1167 auctum
963 1126 1009 1166 A.
1027 1141 1054 1165 e.
1073 1141 1100 1165 e.
1128 1125 1248 1166 Oculi
1275 1126 1355 1178 ejus
1379 1123 1618 1179 multiplices
1634 1153 1644 1162 .

207 1179 287 1234 Fig.
306 1181 354 1220 D.
373 1179 426 1219 est
441 1181 620 1221 Mentula
648 1183 799 1222 marina
815 1183 1091 1223 cucurbitacea
1122 1197 1210 1237 cap·
1230 1196 1296 1222 xx.
1328 1180 1523 1237 descripta
1540 1213 1548 1222 .
1577 1181 1645 1222 Ad

327 1252 350 1276 a
374 1234 428 1275 est
459 1238 539 1288 ejus
565 1251 634 1277 os-
669 1237 735 1277 Ad
761 1237 793 1277 b·
827 1238 950 1278 Pinna
980 1239 1127 1278 caudae
1158 1238 1274 1278 loco.

210 1294 288 1346 Fig.
307 1293 344 1332 E.
380 1292 522 1333 Eadem
559 1294 598 1333 in
628 1304 743 1347 parte
774 1292 932 1337 aversa,
963 1293 1025 1334 seu
1055 1293 1188 1347 supina
1217 1293 1412 1347 expressa.
1437 1293 1504 1333 Ad
1543 1306 1565 1333 a
1593 1291 1646 1334 est

328 1350 408 1402 ejus
434 1363 477 1389 os
499 1378 506 1385 .
537 1350 604 1390 Ad
622 1350 643 1390 h
661 1377 669 1386 .
697 1350 845 1390 Pinnae
873 1350 972 1390 duae
1001 1351 1042 1390 in
1063 1351 1308 1391 extremitate
1340 1349 1560 1390 immobiles
1577 1379 1586 1390 .

209 1406 292 1461 fig.
306 1406 344 1446 F.
373 1406 460 1446 Seta
478 1405 656 1460 palustris
688 1419 775 1460 cap.
794 1419 900 1448 XXII·
934 1405 1125 1463 descripta
1143 1435 1153 1445 -

208 1464 286 1517 Fig.
307 1464 341 1516 f-
376 1461 429 1502 est
444 1465 578 1518 Caput
596 1465 707 1505 Setae
736 1462 980 1506 fimbriatum
1008 1465 1116 1504 vitro
1146 1466 1304 1504 audium
1322 1494 1330 1501 .

202 1519 286 1574 fig.
314 1522 362 1559 G.
383 1518 578 1560 Insec‘tum
595 1520 673 1566 est,
705 1519 767 1561 seu
783 1521 951 1561 Concha
980 1520 1172 1574 quaedam
1199 1518 1275 1559 fine
1290 1518 1429 1559 Testa.
1461 1519 1526 1560 Ad
1552 1524 1566 1559 z·
1591 1518 1645 1561 est

327 1580 408 1630 ejus
426 1591 469 1616 os
480 1577 693 1618 rotundum
707 1577 889 1618 mollibus
914 1576 1069 1618 villibus
1085 1586 1271 1618 ornatum
1287 1575 1299 1611 .’
1312 1576 1377 1615 Ad
1393 1578 1408 1617 l
1422 1575 1474 1616 est
1491 1576 1643 1617 Zonula

323 1634 515 1687 quaedam
533 1634 674 1675 alba&
689 1634 817 1675 mollis
834 1636 936 1675 inter
952 1634 1033 1674 duo
1051 1631 1285 1688 corpuscula
1301 1634 1471 1673 rotunda
1487 1636 1616 1685 jacens
1634 1659 1644 1668 -

209 1691 288 1746 Fig.
309 1689 358 1728 H.
391 1691 503 1731 Idem
520 1690 681 1731 Animal
706 1690 887 1746 supinum
904 1722 912 1730 .
942 1690 1007 1731 Ad
1024 1704 1075 1729 m.
1090 1691 1133 1730 &
1148 1705 1184 1730 n.
1216 1686 1302 1730 sunt
1331 1689 1412 1730 duo
1437 1689 1643 1734 foramina;

326 1748 433 1802 quod
457 1748 506 1788 ad
537 1763 585 1788 m·
610 1747 664 1789 est
690 1762 766 1803 pro
797 1763 874 1789 ano
895 1748 1024 1803 accipi
1055 1745 1182 1801 potest
1199 1774 1207 1784 .

555 1862 915 1904 TABVLA
973 1862 1052 1900 VI.
1113 1861 1286 1901 APP.

207 1978 286 2032 Fig.
307 1978 355 2018 A.
381 1975 440 2016 Est
456 1976 574 2018 Stella
602 1977 753 2017 marina
782 1976 951 2030 vulgaris
975 1988 1144 2030 corpore
1159 1974 1300 2016 latiore
1317 2001 1325 2009 -
1352 1973 1417 2018 Ad
1435 1991 1468 2014 a·
1489 1972 1542 2015 est
1558 1977 1638 2029 ejus

321 2048 364 2074 os
382 2033 594 2075 foliaceum
611 2061 619 2069 ·
652 2033 717 2072 Ad
735 2033 767 2073 h.
786 2033 818 2073 h.
836 2033 868 2073 b.
886 2033 918 2073 b.
937 2032 970 2072 h·
1002 2029 1090 2071 sunt
1105 2034 1185 2085 ejus
1202 2032 1318 2087 pedes
1336 2030 1493 2072 exserti.

209 2092 287 2146 fig.
306 2092 335 2131 B
381 2091 517 2133 eadem
534 2089 653 2131 Stella
669 2092 708 2130 in
726 2101 839 2145 parte
871 2087 1004 2130 aversa
1018 2088 1190 2143 expressa
1207 2117 1216 2126 .
1243 2090 1309 2129 Ad
1325 2089 1357 2130 b.
1374 2092 1453 2142 ejus
1469 2089 1637 2130 cerebri-

325 2159 381 2189 tes
407 2150 447 2188 in
475 2147 571 2188 statu
604 2147 773 2187 naturali
791 2174 799 2182 -

208 2207 285 2259 Fig.
305 2206 350 2244 C.
368 2206 588 2246 Cerebrites
604 2205 644 2244 in
663 2203 778 2244 dorso
794 2202 934 2244 Stellae
950 2201 1068 2244 infixa
1084 2204 1191 2244 vitro
1207 2204 1322 2243 aud'ta
1338 2230 1346 2239 .
1379 2204 1487 2243 Haec
1503 2203 1635 2243 omnia

323 2261 518 2318 descripta
542 2261 683 2302 suntin
700 2262 934 2317 Appendice
966 2274 1052 2315 cap.
1074 2274 1122 2300 VI
1135 2274 1166 2300 1·

207 2319 288 2373 fig.
308 2320 357 2358 D.
389 2318 442 2359 est
459 2320 622 2360 Echinus
639 2321 851 2359 Coriaceus
867 2318 917 2359 ad
933 2333 975 2359 os
992 2316 1211 2358 fimbriatus
1233 2331 1319 2373 cap.
1335 2331 1399 2359 v1.
1417 2317 1456 2356 in
1473 2315 1634 2371 Appen-

321 2376 408 2417 dice
425 2375 638 2431 descriptus
650 2405 658 2412 .
677 2377 741 2417 Ad
759 2378 804 2415 C.
818 2377 920 2415 C.C.
935 2374 1021 2416 sunt
1034 2378 1114 2428 ejus
1131 2372 1328 2415 fimbriae·
1347 2374 1412 2414 Ad
1428 2390 1461 2413 a·
1480 2375 1561 2426 ejus
1578 2387 1633 2413 os.

210 2434 286 2488 Fig,
306 2433 344 2472 Ε.
362 2434 404 2472 ὃ(
419 2434 457 2473 Ρ.
490 2432 576 2474 sunt
593 2433 727 2474 Echini
756 2435 940 2474 Coriacei
957 2461 968 2476 ‚
998 2434 1066 2486 qui
1082 2430 1252 2472 fimbrias
1283 2432 1487 2472 occultant
1504 2458 1512 2468 .
1530 2431 1577 2470 In
1595 2429 1630 2468 F.

324 2488 444 2532 sec‘tus
462 2490 535 2532 fuit
551 2501 685 2532 venter
701 2517 712 2535 ,
743 2504 792 2531 ex
810 2506 890 2545 quo
905 2488 1084 2532 intestina
1112 2489 1326 2544 prodibant
1339 2515 1348 2524 ·
1509 2540 1544 2582 T

1549 2554 1640 2582 Assv-
