1814 2902
197 221 247 261 ςο
649 209 1170 252 PRAEFATto

198 295 242 334 δε
258 293 476 336 turbatum,
494 292 703 346 diligenter
718 295 757 335 in
773 293 1005 336 Adversaria
1020 294 1151 337 nostra
1166 323 1177 340 ‚
1194 293 1255 336 seu
1272 294 1547 351 Ephemerides
1582 313 1643 339 re-

199 350 415 391 ferebamus
432 381 440 390 .
473 350 743 403 Qareexhis
760 353 942 394 omnibus
966 351 994 394 fi
1010 367 1091 394 non
1114 352 1292 394 universa
1323 353 1440 410 plane
1457 385 1467 401 ,
1498 357 1540 395 &
1569 357 1643 396 mi-

201 419 298 448 nuta
322 407 437 447 maris
454 418 595 449 eventa
618 409 891 465 indagavimus
906 440 916 454 ‚
945 408 1268 466 praestantissima
1284 421 1391 451 certe
1407 412 1449 451 &
1468 414 1641 453 maxima

201 465 464 519 cognovimus
481 492 490 507 ,
506 478 555 505 ex
570 466 709 518 quibus
726 465 938 521 {equenteis
957 465 1244 524 propositiones
1260 482 1502 523 exponemus
1516 500 1525 514 ,
1543 483 1642 523 quae

202 534 282 561 non
297 535 346 561 ex
365 519 572 576 hypothes]
601 522 733 577 aliqua
751 554 761 569 ,
786 523 848 566 sed
864 537 914 564 ex
931 526 1048 565 meris
1074 523 1408 566 observationibus
1433 537 1546 566 erunt
1577 526 1646 566 de-

203 579 346 620 ductae
364 593 374 622 ;
402 579 527 632 quue
553 581 784 634 probabunt
798 595 934 622 omnes
950 582 1019 636 qui
1042 580 1197 637 sapiunt
1210 610 1220 625 ,
1238 583 1282 621 ὅ(
1299 580 1453 623 sortasse
1466 581 1645 624 observa-

199 636 328 676 tiones
345 634 417 676 hae
434 635 698 689 perpauculae
713 637 847 679 multis
871 640 1129 680 incitamento
1144 648 1258 678 erunt
1273 669 1285 685 ,
1313 650 1358 678 ut
1376 642 1541 693 majores
1559 640 1643 694 ple-

199 690 402 746 nioresque
419 691 620 733 instituant
635 721 646 736 ‚
673 706 719 735 ut
736 695 896 736 tandem
925 695 1140 750 aliquando
1156 694 1316 751 systema
1345 695 1506 750 aliquod
1532 695 1643 737 abso-

200 749 328 790 lutum
344 764 393 789 ex
411 753 509 790 veris
525 748 660 792 cauffis
675 751 969 807 rationibusque
986 752 1200 794 deductum
1215 749 1451 793 conficiatur
1469 768 1479 797 ;
1505 750 1558 794 fin
1575 754 1645 794 mi-

201 821 274 847 nus
292 835 303 850 ‚
332 805 491 847 historia
507 819 639 849 tamen
658 808 770 862 hujus
787 810 980 863 praeclari
995 809 1257 866 phaenomeni
1286 809 1454 850 multum
1477 806 1657 867 amplifl-'

200 865 358 905 cabitur
373 892 382 908 ,
417 879 515 919 quae
532 865 692 919 quidem
708 864 905 921 hucusque
927 881 1072 907 manca
1099 866 1316 907 admodum
1334 865 1409 908 fuit
1425 897 1436 913 ‚
1464 868 1507 907 ὃ(
1523 868 1645 908 muti-

200 920 240 961 la
257 949 267 964 ‚
298 933 342 961 ut
357 922 601 963 videbimus.
634 924 717 964 Mei
734 922 890 965 fortaffe
917 937 998 964 non
1024 933 1132 967 erat,
1157 937 1282 977 neque
1306 923 1464 964 alterius
1493 925 1645 979 privati

201 978 372 1019 hominis
389 993 472 1019 rem
489 990 641 1021 tantam
658 981 818 1035 aggredi
834 1009 844 1024 ,
874 979 938 1021 sed
954 980 1172 1021 multorum
1191 1009 1200 1022 ‚
1235 990 1355 1035 atque
1372 980 1535 1033 alicujus
1563 995 1646 1021 ma-

202 1037 270 1091 gni
287 1036 481 1091 Principis
498 1037 647 1078 auxilio
663 1038 863 1091 indigebat
881 1067 889 1074 -
908 1037 1140 1079 Academici
1156 1036 1263 1078 Galli
1282 1038 1442 1091 quidem
1459 1052 1545 1079 earn
1562 1052 1648 1078 rem

205 1107 292 1133 aere
309 1093 473 1148 publico
498 1095 537 1134 in
554 1094 747 1148 aliquibus
773 1095 965 1150 portubus
981 1096 1133 1136 Oceani
1166 1105 1399 1140 tentarunt3
1429 1097 1577 1136 Verum
1607 1094 1650 1134 hi

205 1147 500 1204 conquisierunt
516 1149 761 1207 potissimum
778 1167 855 1206 qua
871 1152 972 1193 hora
1000 1150 1275 1194 intumesceret
1303 1167 1411 1193 mare
1441 1153 1481 1192 in
1494 1150 1648 1206 singulis

205 1208 413 1263 portubus,
432 1220 551 1263 atque
568 1208 833 1265 ephemerides
849 1208 1035 1264 quasdam
1059 1209 1329 1252 confecerunt,
1345 1210 1484 1263 quibus
1505 1219 1649 1249 nautae

203 1264 310 1305 statis
340 1265 588 1321 temporibus
605 1264 699 1307 scire
723 1265 878 1322 possent
895 1281 986 1306 cum
1011 1266 1173 1306 navibus
1188 1264 1260 1305 suis
1283 1276 1420 1319 portus
1434 1265 1523 1306 illos
1540 1279 1649 1306 com-

196 1321 315 1363 mode
329 1323 618 1377 capere.Qare
632 1324 758 1363 bonos
774 1323 863 1363 illos
879 1322 1142 1363 Academicos
1158 1321 1297 1363 Gallos
1315 1332 1482 1377 apparet
1499 1323 1652 1362 utilita-

201 1391 282 1420 tem
300 1378 513 1433 quamdam
530 1381 813 1421 mercatoriam
829 1391 921 1421 ante
934 1378 1072 1421 oculos
1087 1378 1258 1419 habuisse
1271 1407 1280 1421 ,
1298 1380 1341 1419 ὃ(
1357 1378 1543 1419 lucellum
1562 1390 1649 1419 tan-

200 1448 286 1477 tum
303 1434 371 1477 sibi
387 1435 640 1492 proposuifle,
655 1448 865 1493 ceteraque
881 1451 981 1494 pene
998 1435 1201 1491 neglexisse
1217 1464 1225 1472 -
1250 1436 1324 1477 Sed
1339 1438 1465 1489 majus
1484 1435 1647 1491 aliquod

201 1496 240 1535 in
255 1495 331 1533 hac
349 1509 390 1534 re
405 1492 458 1534 est
472 1521 482 1538 ,
500 1496 610 1548 quod
625 1492 693 1535 fibi
711 1493 1066 1550 contemplandum
1083 1503 1315 1549 proponant
1327 1491 1480 1548 Phyfici
1496 1520 1507 1536 ‚
1528 1506 1648 1546 quam
1712 1508 1715 1513 ·

202 1549 387 1607 ingressus
402 1551 563 1591 navium
593 1552 631 1591 in
649 1562 817 1606 portuS,
840 1553 995 1606 vileque
1024 1549 1298 1591 raudusculum
1317 1580 1325 1589 .
1356 1550 1510 1604 Qibus
1541 1550 1648 1590 enim

205 1609 332 1649 modis
362 1608 406 1647 &
429 1621 508 1662 qua
539 1610 694 1649 ratione
724 1618 870 1650 terram
886 1609 1043 1663 quatiat
1057 1610 1267 1662 Neptunus
1285 1635 1296 1650 ‚
1327 1620 1491 1660 eamque
1516 1607 1648 1647 conti-

206 1677 297 1705 neat
314 1695 325 1710 ,
354 1677 400 1705 ut
425 1667 482 1705 ait
497 1667 723 1713 Homerus,
746 1666 1025 1721 inquirendum
1043 1692 1054 1708 ‚
1085 1664 1206 1718 idque
1234 1663 1362 1704 modis
1386 1665 1491 1704 miris
1518 1661 1649 1704 variis-

203 1736 278 1776 que
293 1719 378 1763 fieri
396 1722 502 1778 poffe
518 1723 738 1764 videbimus
755 1754 765 1763 .
794 1723 931 1777 Qare
947 1735 1132 1777 rogamus
1149 1720 1286 1761 Gallos
1300 1749 1310 1764 ‚
1336 1732 1384 1761 ut
1397 1722 1543 1761 iterum
1568 1718 1651 1761 suas

204 1778 501 1821 observationes
518 1782 741 1821 accuratius
770 1791 954 1837 repetant
969 1807 982 1823 ‚
1013 1793 1197 1834 rogamus
1215 1780 1422 1819 Britannos
1438 1809 1451 1824 ,
1466 1776 1651 1818 Batavos-

204 1852 280 1891 que
296 1866 307 1882 ,
338 1838 408 1891 qui
423 1837 543 1879 hodie
559 1848 727 1893 propter
744 1840 869 1878 varias
884 1836 1059 1877 colonias
1077 1838 1118 1875 in
1135 1835 1249 1875 India
1263 1863 1276 1878 ‚
1292 1834 1429 1875 Africa
1444 1864 1455 1879 ,
1471 1835 1515 1874 ὃς
1529 1836 1652 1874 Ame-

202 1897 285 1935 rica
302 1926 314 1941 ‚
339 1897 382 1935 &
399 1905 564 1950 propter
594 1895 650 1934 rei
682 1893 830 1935 navalis
859 1893 1132 1934 excellentiam
1156 1893 1368 1947 imperium
1399 1892 1518 1931 maris
1541 1905 1644 1945 quo-

204 1951 421 1993 dammodo
447 1961 580 1992 tenere
609 1950 820 1996 videntur,
849 1965 1032 2005 rogamus
1049 1949 1218 2003 denique
1233 1951 1427 1989 Sarmatas
1453 1948 1540 1988 illos
1575 1947 1658 2004 fio--

204 2007 437 2050 rentiffimos
451 2036 460 2051 ,
479 2009 548 2063 qui
575 2007 701 2048 modo
724 2009 865 2062 opibus
882 2035 892 2051 ,
926 2008 1044 2047 armis
1071 2036 1081 2050 ‚
1110 2007 1250 2047 litteris
1274 2006 1373 2046 nulli
1403 2005 1490 2046 sunt
1517 2004 1648 2046 secun-

204 2066 245 2106 di
261 2095 271 2109 ,
301 2067 448 2121 quique
464 2079 543 2106 non
561 2076 712 2106 tantum
729 2081 802 2122 per
815 2064 1024 2121 glacialem
1042 2066 1249 2106 Oceanum
1265 2093 1275 2108 ‚
1294 2075 1339 2105 ut
1352 2062 1451 2104 olim
1466 2094 1478 2109 ,
1493 2060 1556 2104 sed
1572 2076 1646 2117 per

204 2125 437 2178 Hyrcanum
455 2151 466 2166 ‚
498 2138 566 2179 per
596 2123 790 2163 Balticum
809 2154 820 2169 ‚
849 2137 919 2178 per
948 2123 1096 2164 Album
1113 2150 1123 2165 ,
1153 2135 1222 2175 per
1249 2122 1419 2176 Nigrum
1436 2149 1446 2163 ,
1480 2118 1541 2161 seu
1572 2134 1645 2174 per

207 2182 401 2221 Euxinum
419 2208 430 2223 ‚
456 2181 778 2236 Maeotidemque
806 2179 993 2222 Paludem
1019 2179 1138 2234 longe
1159 2178 1315 2233 lateque
1346 2180 1569 2233 imperant,
1601 2188 1646 2218 ut

208 2236 426 2293 symbolam
443 2237 546 2279 suam
564 2238 639 2279 hac
655 2240 695 2278 in
710 2255 752 2280 re
768 2236 975 2279 conferant
990 2265 1001 2280 ,
1031 2249 1151 2291 atque
1179 2249 1248 2291 per
1264 2234 1439 2277 universa
1470 2236 1592 2275 maria
1607 2232 1650 2274 fi-

208 2294 353 2349 nusque
369 2293 453 2335 suos
483 2295 662 2337 eruditos
691 2296 868 2337 homines
897 2296 1062 2335 mittant
1076 2324 1086 2339 ‚
1115 2294 1182 2347 qui
1199 2294 1327 2334 varios
1344 2291 1462 2333 aestus
1494 2307 1647 2348 cogno-

206 2350 313 2394 scant
329 2380 339 2395 ,
371 2352 558 2406 nobisque
590 2352 762 2395 referant
779 2381 788 2389 .
820 2352 909 2392 Hoc
929 2353 1035 2392 enim
1052 2352 1265 2406 quicquam
1296 2350 1535 2407 praeclarius
1563 2346 1649 2389 fieri

207 2408 312 2465 poffe
342 2412 382 2449 in
406 2409 564 2466 Physica
593 2425 712 2452 nemo
741 2411 897 2464 negabit
915 2438 922 2445 .
957 2410 1094 2463 Qum
1122 2409 1233 2448 omni
1262 2422 1360 2449 aevo
1392 2406 1512 2448 aestus
1531 2407 1649 2446 mari-

210 2481 279 2507 nus
311 2480 542 2521 magnorum
575 2467 779 2510 hominum
810 2468 962 2522 ingenia
981 2467 1219 2508 excitaverit
1234 2496 1246 2511 ,
1275 2476 1392 2520 atque
1411 2477 1487 2518 pro
1515 2478 1563 2504 eo
1578 2478 1649 2504 co-

1549 2535 1647 2574 gno-
