1814 2902
471 239 845 281 APPENDIX
890 239 1259 280 SECVNDA.
1486 255 1562 291 119

113 346 203 374 cum
234 331 335 386 gerit
363 331 625 385 nigricantem
643 328 766 368 Fucus
798 325 888 372 iste,
919 325 982 367 sed
1010 325 1150 367 recisus
1182 326 1290 367 albus
1321 341 1490 383 apparet
1521 333 1561 371 in

112 401 224 444 parte
262 389 442 428 interiori
472 387 520 426 ad
551 402 586 427 a.
617 387 662 425 In
693 385 857 425 Trunco
875 383 980 439 ipso,
1026 384 1070 423 &
1101 398 1172 438 per
1202 385 1396 426 Ramulos
1424 386 1560 429 foliola

111 460 234 501 parva
265 454 458 499 apparent
483 441 640 497 hispida
662 443 948 486 atrovirentia,
978 451 1024 480 ut
1054 441 1201 482 accidit
1230 442 1330 482 Pino
1359 448 1559 490 marinae,

112 503 272 556 quando
299 500 517 542 exsiccatur
533 531 544 547 ,
573 513 674 554 quae
689 510 773 540 atra
787 496 833 539 fit
849 527 858 535 .
891 497 964 539 Sed
982 497 1137 539 fortafse
1154 499 1274 538 Fucus
1290 498 1357 540 iste
1383 502 1433 541 ab
1449 504 1558 556 aquis

111 573 245 600 recens
263 559 426 600 eductus
458 559 534 598 erit
549 555 741 601 v‘irascens
756 584 768 600 ,
799 566 845 597 ut
865 554 919 596 est
937 555 1076 599 Pinus,
1108 557 1151 597 &
1166 556 1348 610 Qercus
1379 560 1530 599 marina
1543 588 1554 604 ‚

111 631 211 671 quae
227 614 438 658 exsiccatae
456 617 717 658 attovirentes
732 610 833 654 fiunt
850 645 858 652 .

112 773 1551 789 —————-—————————-

384 852 628 894 NOTAE
674 850 1283 905 ADDITIONESQVE

110 960 205 1015 Pag-
225 967 289 1009 87.
307 961 372 1002 lin.
384 975 423 1009 4.
440 959 528 1016 post
541 961 591 1002 ad
608 962 768 1017 Vngues
793 958 978 1001 odoratas
995 992 1005 1007 ,
1021 958 1084 1001 seu
1099 962 1354 1002 Aromaticas
1369 960 1562 1003 Officina-

169 1032 261 1059 rum
291 1018 391 1059 adde
408 1033 416 1059 :
448 1019 576 1058 Etiam
591 1017 784 1060 Turbines
796 1016 1135 1073 Teffaradactylos
1153 1048 1164 1065 ‚
1189 1020 1234 1060 &
1251 1019 1561 1075 Pentadactylos

166 1074 321 1116 claudit
349 1074 597 1131 Operculum
631 1089 821 1118 corneum
841 1073 1065 1130 ellipticum
1081 1104 1093 1120 ‚
1126 1090 1295 1119 curvum
1313 1107 1324 1122 ,
1354 1077 1399 1117 ὅ(
1415 1089 1562 1131 parvae

165 1133 280 1173 molis
296 1163 307 1178 ‚
339 1132 447 1187 quod
477 1133 527 1173 ad
552 1133 708 1188 Vngues
733 1133 815 1174 illas
838 1135 1132 1189 Vnguentarias
1157 1133 1364 1175 amandari
1383 1135 1535 1189 poterit
1551 1161 1560 1171 .

167 1190 395 1230 Gualterius
422 1188 630 1231 Strombos
651 1200 775 1232 vocat
792 1190 871 1230 &c-

107 1246 203 1301 Pag-
218 1259 283 1298 93.
301 1245 369 1286 lin.
385 1259 421 1295 9.
438 1247 579 1301 Ingens
594 1246 679 1287 Pila
696 1247 888 1300 ftribatur
903 1246 1038 1300 ingens
1055 1245 1277 1302 Stylobates
1295 1275 1303 1283 .

107 1302 264 1342 Ibidem
279 1302 320 1341 in
336 1299 414 1342 fine
425 1303 725 1345 Additamenti‚
743 1304 786 1342 δε
803 1301 881 1342 hoc
898 1302 1066 1344 addatur
1084 1332 1092 1340 .

107 1359 127 1396 ,³⁸
156 1357 381 1399 Vitalianus
414 1358 594 1399 Donatus
624 1361 663 1399 in
693 1356 905 1413 specimine
934 1358 1128 1401 Historiae
1157 1362 1280 1403 Maris
1311 1363 1535 1405 Hadriatici
1551 1396 1563 1412 ,

168 1414 277 1469 quod
303 1414 353 1455 ad
370 1415 592 1455 Antonium
623 1417 865 1471 Leprottum
895 1413 1100 1471 scripserat
1116 1445 1127 1461 ,
1153 1417 1216 1459 sed
1233 1421 1344 1472 quod
1371 1419 1436 1463 sex
1452 1423 1562 1463 annis

169 1481 329 1512 tantum
352 1470 440 1526 post
463 1471 621 1513 obitum
648 1471 820 1527 ejusdem
835 1474 1023 1529 Leprotti
1052 1476 1203 1516 editum
1234 1477 1310 1518 fuit
1331 1478 1563 1520 Tab.V111.

166 1526 235 1570 sub
250 1530 400 1569 Littera
415 1528 463 1569 G.
480 1527 649 1582 figuram
664 1531 781 1583 ponit
804 1531 958 1571 Vermis
979 1530 1095 1584 hujus
1112 1530 1234 1573 nostri
1251 1532 1388 1575 serrati
1404 1564 1415 1580 ‚
1445 1550 1564 1590 quem

169 1583 355 1625 describit
371 1599 460 1641 pag.
478 1599 543 1625 Lx.
559 1586 602 1625 δε
618 1587 722 1626 intra
737 1585 982 1642 Alcyonium
1000 1587 1113 1633 illud,
1132 1592 1241 1645 quod
1258 1592 1433 1645 primum
1448 1592 1566 1633 Dios—

167 1642 314 1682 coridis
339 1652 460 1683 vocat
476 1672 486 1688 ,
509 1639 680 1683 crescere
712 1643 757 1682 &
786 1642 980 1699 hospitari
996 1645 1124 1692 dicit,
1150 1648 1260 1702 quod
1288 1662 1411 1689 unum
1439 1663 1488 1690 ex
1505 1650 1563 1691 his

170 1698 378 1739 Vermibus
403 1700 508 1739 intra
525 1698 770 1755 Alcyonium
798 1698 898 1742 illud
916 1700 1198 1745 foraminosum
1226 1706 1277 1745 ab
1291 1719 1340 1746 eo
1356 1704 1562 1748 diffecstum

171 1756 368 1796 invenerit
383 1785 392 1802 ,
414 1755 523 1810 quod
540 1756 786 1811 Alcyonium
803 1756 872 1799 sub
889 1756 1016 1814 figura
1035 1761 1073 1800 B.
1094 1762 1249 1816 pinxit·
1268 1763 1418 1804 Verum
1436 1764 1477 1804 id
1493 1779 1564 1821 per

170 1812 352 1853 accidens
369 1809 446 1853 fuit
462 1843 473 1859 ,
498 1827 588 1853 nam
604 1815 759 1856 Vermis
788 1814 855 1855 iste
872 1817 1099 1873 Petrobryis
1125 1833 1216 1860 cum
1246 1817 1311 1861 sua
1325 1822 1469 1876 vagina
1493 1836 1564 1863 co-

169 1869 297 1910 riacea
314 1869 537 1910 adnascitur
552 1898 563 1914 ‚
578 1879 623 1911 ut
636 1868 748 1926 saepe
762 1870 972 1915 observavi
988 1901 1000 1918 ,
1023 1876 1067 1916 &
1084 1877 1190 1917 inter
1202 1877 1424 1933 Petrobrya
1447 1892 1561 1933 gran-

171 1924 262 1967 dior
291 1925 417 1968 sac'tus
442 1926 678 1982 plerumque
703 1940 908 1972 moratur.

596 2173 805 2272 aaz·
933 2177 1080 2276 aaa

1462 2553 1562 2598 EX·-
