1814 2902
208 222 285 258 108
525 220 895 262 APPENDIX
937 225 1303 267 SECVNDA.-

251 337 1636 382 QQQQQQQQQQQQQQQQ

450 425 919 497 CAPVT
1049 429 1382 492 XVII.

546 549 903 593 Mnnrvrr
957 552 1298 592 Murmur.

205 650 275 738 F
291 648 452 703 Iguram
471 648 674 691 Mentulae
706 652 882 692 Marinae
897 651 984 691 heic
999 650 1095 691 Tab.
1113 652 1224 692 VIII.
1249 651 1316 693 sub
1342 655 1492 696 Littera
1509 657 1558 696 A.
1575 655 1645 698 da-

307 719 391 746 mus
409 732 419 748 ,
452 718 553 759 quae
577 707 720 749 melior
747 707 801 749 est
829 707 897 748 illa
922 723 945 748 a
970 707 1214 749 Rondeletio
1232 737 1241 751 ‚
1277 711 1386 750 &ab
1411 711 1495 752 aliis
1517 713 1608 754 data
1637 744 1646 753 .

204 765 293 817 Ejus
325 759 544 816 superficies
584 765 795 805 innumeris
820 764 1051 805 Tuberculis
1068 794 1078 809 ‚
1123 764 1184 805 seu
1212 766 1405 820 glandulis
1435 769 1647 822 perforatis

203 819 329 862 scatet
345 849 356 866 ‚
385 833 435 859 ex
460 820 600 874 quibus
629 819 791 862 viscosus
816 820 960 862 humor
981 823 1203 863 excernitur
1222 849 1231 858 -
1263 825 1319 864 Ex
1333 825 1426 864 Ano
1442 825 1645 867 Mentulae

204 877 346 933 sponte
378 877 593 931 procidunt
619 877 803 919 Intestina
832 893 892 921 a.,
937 888 981 918 ut
1009 878 1159 918 Redius
1198 879 1426 920 adnotavit.
1459 883 1505 920 ln
1535 882 1648 936 Figu-

205 948 250 974 ra
267 935 306 974 B.
325 931 377 972 est
393 934 568 975 mentula
583 934 740 977 dissecta
757 962 767 978 ‚
783 935 851 974 ubi
865 936 901 976 d·
926 933 980 975 est
993 935 1074 986 ejus
1087 948 1132 974 os
1148 963 1159 979 ,
1173 935 1217 974 ὅ(
1234 936 1272 974 Β.
1291 939 1400 976 Anus
1419 963 1427 972 ·
1453 939 1647 979 c.c.c.c.c.

205 989 299 1031 sunt
313 988 454 1030 lacerti
469 991 632 1044 quidam
654 991 956 1046 longitudinales
973 1019 984 1034 ‚
1015 991 1156 1045 quibus
1177 992 1280 1046 riget
1294 992 1336 1031 &
1352 992 1526 1034 tenditur
1542 1007 1650 1036 men·

213 1047 322 1091 mla,
354 1044 380 1086 fi
400 1048 491 1099 viva
507 1049 684 1089 manibus
702 1050 935 1089 attrectetur
951 1079 959 1087 .
1635 1045 1639 1047 ’

254 1169 1644 1210 ψψψὼκμψψψψὼψψψψὼ

443 1280 915 1341 CAPVT
1038 1278 1427 1341 XVIII,

383 1405 522 1444 Prnm
555 1405 765 1453 MARINA,
808 1419 871 1448 srv
904 1407 1110 1448 Mnnrvra
1141 1419 1271 1447 AL-ATA
1303 1416 1473 1447 Mlnon.

209 1506 410 1613 Qvod
436 1509 475 1548 in
505 1504 732 1549 corollario
764 1509 873 1549 Libri
901 1507 949 1549 de
980 1506 1152 1549 conchis
1183 1511 1309 1549 minus
1334 1509 1436 1548 notis
1475 1521 1563 1564 pag.
1579 1510 1649 1555 46.

296 1597 298 1599 .
335 1564 590 1621 Ceratophyton
620 1564 922 1606 Amaranthoides
938 1565 1065 1605 Maris
1081 1566 1202 1621 superi
1225 1565 1383 1605 Pennam
1407 1566 1564 1617 refi’rens
1581 1578 1653 1605 vo-

212 1624 300 1664 cavi
318 1648 329 1664 ‚
360 1622 469 1674 quod
500 1620 622 1675 vulgo
647 1621 778 1662 Penna
794 1621 948 1662 Marina
977 1621 1122 1661 dicitur
1138 1650 1149 1666 ,
1165 1622 1208 1660 &
1230 1623 1334 1662 inter
1353 1620 1507 1661 Plantas
1537 1618 1654 1661 refer-

211 1689 276 1719 tur
293 1705 304 1722 ‚
333 1688 379 1717 ut
412 1677 528 1719 retuli
553 1678 597 1717 &
615 1675 692 1732 ipse
719 1693 767 1719 eo
793 1680 832 1718 in
863 1677 981 1722 loco;
1011 1678 1132 1717 modo
1157 1691 1198 1717 re
1229 1676 1362 1717 melius
1389 1674 1574 1731 perpensa
1603 1677 1653 1718 ad

213 1734 426 1790 Zoophy'ta
457 1735 495 1775 id
519 1733 648 1776 refero
665 1763 675 1781 ,
705 1732 766 1774 seu
795 1735 844 1775 ad
873 1733 1073 1775 Animalia
1091 1765 1101 1780 ,
1147 1734 1191 1774 &
1212 1747 1261 1775 ex
1290 1734 1437 1774 Plantis
1470 1733 1653 1777 Mai-inis,

209 1792 272 1833 seu
286 1792 396 1832 Fucis
412 1805 598 1848 expungo
610 1819 618 1828 .
637 1789 673 1831 Si
689 1793 794 1832 enim
821 1804 950 1832 recens
966 1790 1120 1831 secetur·
1136 1792 1175 1830 in
1196 1790 1487 1845 longitudinem
1503 1820 1514 1835 ‚
1542 1799 1588 1830 ut
1600 1787 1655 1831 Ie·

212 1852 321 1891 &cum
352 1847 426 1889 fuit
456 1849 564 1903 quod
581 1850 622 1889 in
645 1846 798 1888 Tabula
813 1849 924 1886 VIII·
959 1845 1027 1886 sub
1044 1847 1177 1886 littera
1202 1848 1235 1900 f·
1253 1849 1405 1900 pietum
1420 1845 1485 1889 est,
1503 1844 1655 1887 visceri-

211 1907 284 1947 bus
310 1904 459 1947 viscidis
476 1936 486 1950 ,
516 1907 559 1944 δ(
575 1901 862 1958 mucilaginofis
880 1903 962 1943 auri
985 1903 1176 1958 pigmenti
1201 1901 1346 1942 coloris
1360 1912 1527 1958 apparet
1543 1929 1551 1938 .
1579 1903 1658 1943 De-

214 1963 305 2002 inde
328 1962 478 2002 radices
508 1973 587 2000 non
609 1960 749 2003 habet,
779 1972 825 2001 ut
852 1960 973 2013 aliqui
988 1960 1171 2000 dixerunt
1185 1990 1197 2006 ‚
1227 1961 1357 2000 Penna
1380 1959 1476 1999 haec
1493 1986 1504 2001 ,
1535 1958 1655 2000 sedin

213 2019 345 2059 medio
372 2020 453 2071 ejus
480 2014 683 2058 officulum
709 2019 892 2072 utrinque
914 2017 956 2056 in
985 2017 1236 2057 extremitate
1275 2017 1505 2056 uncinatum
1537 2029 1658 2071 appa-

216 2085 278 2117 ret
293 2103 304 2118 ,
334 2076 377 2113 ἃ
395 2088 483 2129 pars
498 2105 508 2120 ,
539 2088 638 2129 quae
653 2072 707 2115 est
724 2074 773 2114 ad
790 2076 823 2128 f.
842 2074 903 2116 vel
926 2073 976 2114 ad
992 2089 1020 2113 e.
1038 2074 1106 2113 ubi
1133 2072 1187 2113 est
1213 2079 1256 2114 o's
1271 2100 1282 2116 ‚
1313 2073 1469 2115 videtur
1486 2084 1581 2127 apta
1608 2073 1659 2114 ad

216 2130 427 2172 trahendos
458 2131 567 2172 cibos
598 2132 700 2171 intra
726 2141 870 2186 corpus
901 2131 1152 2171 Animantis.
1183 2127 1427 2170 Extrinsecus
1453 2129 1548 2170 haec
1564 2132 1661 2171 Pen-

215 2201 264 2229 na
288 2199 376 2229 tota
404 2189 584 2228 coriacea
612 2186 689 2232 est,
721 2191 764 2230 ὃς
792 2188 948 2243 pulchri
972 2189 1081 2228 rubri
1107 2187 1253 2226 coloris
1270 2213 1281 2229 ‚
1312 2186 1416 2226 unde
1444 2201 1467 2226 a
1484 2201 1545 2227 me
1577 2188 1658 2240 pri-

216 2257 323 2286 mum
341 2246 594 2301 Ceratophyton
609 2247 911 2287 Amaranthoides
926 2248 996 2292 &a
1029 2245 1134 2284 did'ca
1153 2242 1228 2284 fixit
1243 2273 1253 2288 ,
1283 2241 1346 2284 sed
1370 2243 1506 2284 melius
1536 2242 1660 2283 modo

216 2303 425 2343 vocabitur
449 2302 631 2344 Mentula
661 2303 767 2343 alata
789 2292 918 2343 minor
933 2304 1104 2343 Pennam
1130 2299 1296 2341 referens
1312 2329 1323 2344 ‚
1354 2300 1396 2339 &
1423 2302 1548 2353 major
1581 2301 1657 2341 erit

217 2358 286 2398 illa
302 2388 312 2403 ‚
342 2373 441 2414 quae
465 2375 488 2400 a
511 2359 754 2402 Rondeletio
782 2362 881 2415 Cap.
912 2360 1053 2401 XXIV·
1083 2356 1149 2398 sub
1175 2356 1334 2398 nomine
1367 2359 1518 2398 Pennae
1542 2358 1657 2397 mari-

218 2430 291 2457 nae
314 2415 543 2459 describitur
560 2445 571 2462 ‚
606 2431 705 2473 quae
722 2418 921 2460 interdum
949 2418 1069 2459 etiam
1098 2417 1138 2456 in
1159 2416 1258 2456 mari
1288 2414 1419 2456 nostro
1443 2414 1658 2472 reperitur·

1533 2539 1663 2569 CAPVT
