<?xml version="1.0" encoding="UTF-8"?>
<!DOCTYPE html PUBLIC "-//W3C//DTD XHTML 1.0 Transitional//EN"
    "http://www.w3.org/TR/xhtml1/DTD/xhtml1-transitional.dtd">
<html xmlns="http://www.w3.org/1999/xhtml" xml:lang="en" lang="en">
 <head>
  <title>
</title>
<meta http-equiv="Content-Type" content="text/html;charset=utf-8" />
  <meta name='ocr-system' content='tesseract 3.04.00' />
  <meta name='ocr-capabilities' content='ocr_page ocr_carea ocr_par ocr_line ocrx_word'/>
</head>
<body>
  <div class='ocr_page' id='page_1' title='image "./janiplanciarimin00bian_0074.png"; bbox 0 0 1814 2902; ppageno 0'>
   <div class='ocr_carea' id='block_1_1' title="bbox 185 238 1199 284">
    <p class='ocr_par' dir='ltr' id='par_1_1' title="bbox 185 238 1199 284">
     <span class='ocr_line' id='line_1_1' title="bbox 185 238 1199 284; baseline 0.004 -8"><span class='ocrx_word' id='word_1_1' title='bbox 185 247 240 284; x_wconf 78' lang='lat'>66</span> <span class='ocrx_word' id='word_1_2' title='bbox 644 238 1199 282; x_wconf 87' lang='lat' dir='ltr'>SPECIMEN</span> 
     </span>
    </p>
   </div>
   <div class='ocr_carea' id='block_1_2' title="bbox 119 323 1654 1165">
    <p class='ocr_par' dir='ltr' id='par_1_2' title="bbox 119 323 1654 1165">
     <span class='ocr_line' id='line_1_2' title="bbox 185 323 1647 379; baseline -0.001 -13"><span class='ocrx_word' id='word_1_3' title='bbox 185 335 228 366; x_wconf 84' lang='lat' dir='ltr'>ta</span> <span class='ocrx_word' id='word_1_4' title='bbox 243 326 287 365; x_wconf 90' lang='lat'>&amp;</span> <span class='ocrx_word' id='word_1_5' title='bbox 304 323 544 377; x_wconf 88' lang='lat' dir='ltr'>tranquilla?</span> <span class='ocrx_word' id='word_1_6' title='bbox 573 325 792 377; x_wconf 87' lang='lat' dir='ltr'>Oporteret</span> <span class='ocrx_word' id='word_1_7' title='bbox 819 326 925 365; x_wconf 89' lang='lat' dir='ltr'>enim</span> <span class='ocrx_word' id='word_1_8' title='bbox 956 326 1087 379; x_wconf 91' lang='lat' dir='ltr'>potius</span> <span class='ocrx_word' id='word_1_9' title='bbox 1116 326 1224 366; x_wconf 85' lang='lat' dir='ltr'>circa</span> <span class='ocrx_word' id='word_1_10' title='bbox 1241 324 1450 366; x_wconf 89' lang='lat' dir='ltr'>Meridiem</span> <span class='ocrx_word' id='word_1_11' title='bbox 1467 353 1478 370; x_wconf 91' lang='lat'>,</span> <span class='ocrx_word' id='word_1_12' title='bbox 1503 325 1547 365; x_wconf 86' lang='lat'>&amp;</span> <span class='ocrx_word' id='word_1_13' title='bbox 1570 326 1647 364; x_wconf 86' lang='lat' dir='ltr'>cir-</span> 
     </span>
     <span class='ocr_line' id='line_1_3' title="bbox 183 381 1643 437; baseline -0.001 -14"><span class='ocrx_word' id='word_1_14' title='bbox 183 396 231 423; x_wconf 88' lang='lat' dir='ltr'>ca</span> <span class='ocrx_word' id='word_1_15' title='bbox 248 382 423 423; x_wconf 80' lang='lat' dir='ltr'>Mediam</span> <span class='ocrx_word' id='word_1_16' title='bbox 439 381 614 422; x_wconf 67' lang='lat' dir='ltr'>Nodtem</span> <span class='ocrx_word' id='word_1_17' title='bbox 629 382 781 436; x_wconf 89' lang='lat' dir='ltr'>Aegros</span> <span class='ocrx_word' id='word_1_18' title='bbox 809 383 968 423; x_wconf 85' lang='lat' dir='ltr'>interire</span> <span class='ocrx_word' id='word_1_19' title='bbox 984 410 995 426; x_wconf 91' lang='lat'>‚</span> <span class='ocrx_word' id='word_1_20' title='bbox 1025 394 1071 422; x_wconf 90' lang='lat' dir='ltr'>ut</span> <span class='ocrx_word' id='word_1_21' title='bbox 1096 383 1139 422; x_wconf 65' lang='grc' dir='ltr'>ὃς</span> <span class='ocrx_word' id='word_1_22' title='bbox 1169 396 1327 437; x_wconf 87' lang='lat' dir='ltr'>quoque</span> <span class='ocrx_word' id='word_1_23' title='bbox 1355 383 1548 423; x_wconf 88' lang='lat' dir='ltr'>intereunt</span> <span class='ocrx_word' id='word_1_24' title='bbox 1565 381 1643 422; x_wconf 91' lang='lat' dir='ltr'>hoc</span> 
     </span>
     <span class='ocr_line' id='line_1_4' title="bbox 183 438 1646 494; baseline 0 -16"><span class='ocrx_word' id='word_1_25' title='bbox 183 450 363 492; x_wconf 89' lang='lat' dir='ltr'>tempore</span> <span class='ocrx_word' id='word_1_26' title='bbox 381 466 391 481; x_wconf 95' lang='lat'><strong><em>,</em></strong></span> <span class='ocrx_word' id='word_1_27' title='bbox 422 438 641 492; x_wconf 83' lang='lat' dir='ltr'>&amp;quidem</span> <span class='ocrx_word' id='word_1_28' title='bbox 673 439 813 485; x_wconf 85' lang='lat' dir='ltr'>multi,</span> <span class='ocrx_word' id='word_1_29' title='bbox 841 453 964 494; x_wconf 90' lang='lat' dir='ltr'>quum</span> <span class='ocrx_word' id='word_1_30' title='bbox 981 439 1149 480; x_wconf 80' lang='lat' dir='ltr'>Meridie</span> <span class='ocrx_word' id='word_1_31' title='bbox 1179 441 1223 481; x_wconf 78' lang='grc' dir='ltr'>δε</span> <span class='ocrx_word' id='word_1_32' title='bbox 1250 440 1383 480; x_wconf 82' lang='lat' dir='ltr'>Media</span> <span class='ocrx_word' id='word_1_33' title='bbox 1400 440 1533 480; x_wconf 61' lang='lat' dir='ltr'>Nocte</span> <span class='ocrx_word' id='word_1_34' title='bbox 1564 453 1646 478; x_wconf 81' lang='lat' dir='ltr'>ma-</span> 
     </span>
     <span class='ocr_line' id='line_1_5' title="bbox 183 494 1648 551; baseline 0 -15"><span class='ocrx_word' id='word_1_35' title='bbox 183 497 241 551; x_wconf 84' lang='lat' dir='ltr'>gis</span> <span class='ocrx_word' id='word_1_36' title='bbox 259 494 442 536; x_wconf 78' lang='lat' dir='ltr'>Hucstibus</span> <span class='ocrx_word' id='word_1_37' title='bbox 459 494 607 536; x_wconf 87' lang='lat' dir='ltr'>aestuet</span> <span class='ocrx_word' id='word_1_38' title='bbox 625 498 737 537; x_wconf 89' lang='lat' dir='ltr'>Mare</span> <span class='ocrx_word' id='word_1_39' title='bbox 753 526 765 543; x_wconf 86' lang='lat'><em>‚</em></span> <span class='ocrx_word' id='word_1_40' title='bbox 795 500 929 539; x_wconf 84' lang='lat' dir='ltr'>&amp;Aer</span> <span class='ocrx_word' id='word_1_41' title='bbox 944 497 1077 537; x_wconf 89' lang='lat' dir='ltr'>Ventis</span> <span class='ocrx_word' id='word_1_42' title='bbox 1096 524 1104 533; x_wconf 86' lang='lat'><em>.</em></span> <span class='ocrx_word' id='word_1_43' title='bbox 1130 498 1279 538; x_wconf 86' lang='lat' dir='ltr'>Verum</span> <span class='ocrx_word' id='word_1_44' title='bbox 1299 495 1395 537; x_wconf 81' lang='lat' dir='ltr'>scire</span> <span class='ocrx_word' id='word_1_45' title='bbox 1427 497 1522 537; x_wconf 88' lang='lat' dir='ltr'>licet</span> <span class='ocrx_word' id='word_1_46' title='bbox 1536 513 1558 538; x_wconf 63' lang='grc'>,’</span> <span class='ocrx_word' id='word_1_47' title='bbox 1577 495 1648 536; x_wconf 90' lang='lat' dir='ltr'>du-</span> 
     </span>
     <span class='ocr_line' id='line_1_6' title="bbox 181 550 1650 609; baseline -0.001 -16"><span class='ocrx_word' id='word_1_48' title='bbox 181 552 279 609; x_wconf 84' lang='lat' dir='ltr'>plici</span> <span class='ocrx_word' id='word_1_49' title='bbox 304 553 352 593; x_wconf 91' lang='lat' dir='ltr'>de</span> <span class='ocrx_word' id='word_1_50' title='bbox 383 550 509 593; x_wconf 82' lang='lat' dir='ltr'>cauffa</span> <span class='ocrx_word' id='word_1_51' title='bbox 539 566 674 607; x_wconf 85' lang='lat' dir='ltr'>aegros</span> <span class='ocrx_word' id='word_1_52' title='bbox 707 553 810 609; x_wconf 81' lang='lat' dir='ltr'>poffe</span> <span class='ocrx_word' id='word_1_53' title='bbox 837 555 1023 596; x_wconf 84' lang='lat' dir='ltr'>interire,</span> <span class='ocrx_word' id='word_1_54' title='bbox 1048 554 1108 595; x_wconf 90' lang='lat' dir='ltr'>vel</span> <span class='ocrx_word' id='word_1_55' title='bbox 1141 554 1240 594; x_wconf 84' lang='lat' dir='ltr'>Solis</span> <span class='ocrx_word' id='word_1_56' title='bbox 1272 555 1315 594; x_wconf 72' lang='grc' dir='ltr'>ἃ</span> <span class='ocrx_word' id='word_1_57' title='bbox 1346 555 1478 594; x_wconf 83' lang='lat' dir='ltr'>Lunae</span> <span class='ocrx_word' id='word_1_58' title='bbox 1509 554 1551 592; x_wconf 83' lang='lat' dir='ltr'>in</span> <span class='ocrx_word' id='word_1_59' title='bbox 1566 553 1650 592; x_wconf 89' lang='lat' dir='ltr'>Hu-</span> 
     </span>
     <span class='ocr_line' id='line_1_7' title="bbox 182 606 1650 666; baseline -0.001 -16"><span class='ocrx_word' id='word_1_60' title='bbox 182 625 311 650; x_wconf 88' lang='lat' dir='ltr'>mores</span> <span class='ocrx_word' id='word_1_61' title='bbox 342 610 524 663; x_wconf 90' lang='lat' dir='ltr'>corporis</span> <span class='ocrx_word' id='word_1_62' title='bbox 555 609 834 665; x_wconf 68' lang='lat' dir='ltr'>impetufae&#39;to</span> <span class='ocrx_word' id='word_1_63' title='bbox 852 639 862 655; x_wconf 92' lang='lat'><strong><em>,</em></strong></span> <span class='ocrx_word' id='word_1_64' title='bbox 895 609 1060 652; x_wconf 80' lang='lat' dir='ltr'>&amp;Vafis</span> <span class='ocrx_word' id='word_1_65' title='bbox 1092 609 1305 666; x_wconf 88' lang='lat' dir='ltr'>disruptis,</span> <span class='ocrx_word' id='word_1_66' title='bbox 1336 612 1380 651; x_wconf 86' lang='lat'>&amp;</span> <span class='ocrx_word' id='word_1_67' title='bbox 1412 622 1508 650; x_wconf 90' lang='lat' dir='ltr'>tunc</span> <span class='ocrx_word' id='word_1_68' title='bbox 1527 606 1650 663; x_wconf 85' lang='lat' dir='ltr'>Aegri</span> 
     </span>
     <span class='ocr_line' id='line_1_8' title="bbox 119 665 1652 720; baseline -0.001 -13"><span class='ocrx_word' id='word_1_69' title='bbox 119 714 122 720; x_wconf 44' lang='grc'><strong>,</strong></span> <span class='ocrx_word' id='word_1_70' title='bbox 180 667 357 707; x_wconf 86' lang='lat' dir='ltr'>inFluxu</span> <span class='ocrx_word' id='word_1_71' title='bbox 374 695 385 710; x_wconf 92' lang='lat'><em>,</em></span> <span class='ocrx_word' id='word_1_72' title='bbox 416 665 478 706; x_wconf 89' lang='lat' dir='ltr'>seu</span> <span class='ocrx_word' id='word_1_73' title='bbox 502 666 610 706; x_wconf 84' lang='lat' dir='ltr'>circa</span> <span class='ocrx_word' id='word_1_74' title='bbox 639 667 809 708; x_wconf 83' lang='lat' dir='ltr'>mediam</span> <span class='ocrx_word' id='word_1_75' title='bbox 833 670 1010 709; x_wconf 69' lang='lat' dir='ltr'>Noc‘tem</span> <span class='ocrx_word' id='word_1_76' title='bbox 1034 699 1044 714; x_wconf 96' lang='lat'>,</span> <span class='ocrx_word' id='word_1_77' title='bbox 1074 668 1138 709; x_wconf 92' lang='lat' dir='ltr'>vel</span> <span class='ocrx_word' id='word_1_78' title='bbox 1167 669 1273 709; x_wconf 88' lang='lat' dir='ltr'>circa</span> <span class='ocrx_word' id='word_1_79' title='bbox 1295 667 1505 708; x_wconf 87' lang='lat' dir='ltr'>Meridiem</span> <span class='ocrx_word' id='word_1_80' title='bbox 1531 668 1652 706; x_wconf 88' lang='lat' dir='ltr'>inter-</span> 
     </span>
     <span class='ocr_line' id='line_1_9' title="bbox 179 720 1647 771; baseline -0.001 -7"><span class='ocrx_word' id='word_1_81' title='bbox 179 724 320 765; x_wconf 88' lang='lat' dir='ltr'>ibunt:</span> <span class='ocrx_word' id='word_1_82' title='bbox 349 723 424 765; x_wconf 85' lang='lat' dir='ltr'>Vel</span> <span class='ocrx_word' id='word_1_83' title='bbox 455 720 552 764; x_wconf 84' lang='lat' dir='ltr'>Crifi</span> <span class='ocrx_word' id='word_1_84' title='bbox 582 724 623 763; x_wconf 89' lang='lat' dir='ltr'>in</span> <span class='ocrx_word' id='word_1_85' title='bbox 656 723 745 766; x_wconf 90' lang='lat' dir='ltr'>loca</span> <span class='ocrx_word' id='word_1_86' title='bbox 769 738 851 766; x_wconf 88' lang='lat' dir='ltr'>non</span> <span class='ocrx_word' id='word_1_87' title='bbox 874 724 1123 767; x_wconf 84' lang='lat' dir='ltr'>conferentia</span> <span class='ocrx_word' id='word_1_88' title='bbox 1153 722 1258 767; x_wconf 61' lang='lat' dir='ltr'>facta</span> <span class='ocrx_word' id='word_1_89' title='bbox 1290 756 1301 771; x_wconf 93' lang='lat'>,</span> <span class='ocrx_word' id='word_1_90' title='bbox 1326 723 1474 765; x_wconf 85' lang='lat' dir='ltr'>scilicet</span> <span class='ocrx_word' id='word_1_91' title='bbox 1503 724 1545 763; x_wconf 90' lang='lat' dir='ltr'>in</span> <span class='ocrx_word' id='word_1_92' title='bbox 1569 723 1647 763; x_wconf 78' lang='lat' dir='ltr'>Ca-</span> 
     </span>
     <span class='ocr_line' id='line_1_10' title="bbox 179 780 1648 839; baseline 0.001 -18"><span class='ocrx_word' id='word_1_93' title='bbox 179 791 256 835; x_wconf 89' lang='lat' dir='ltr'>put</span> <span class='ocrx_word' id='word_1_94' title='bbox 272 811 283 827; x_wconf 95' lang='lat'><strong><em>,</em></strong></span> <span class='ocrx_word' id='word_1_95' title='bbox 300 780 510 822; x_wconf 89' lang='lat' dir='ltr'>Pulmones</span> <span class='ocrx_word' id='word_1_96' title='bbox 528 812 538 827; x_wconf 93' lang='lat'>‚</span> <span class='ocrx_word' id='word_1_97' title='bbox 567 781 685 833; x_wconf 88' lang='lat' dir='ltr'>Jecur</span> <span class='ocrx_word' id='word_1_98' title='bbox 701 810 711 826; x_wconf 91' lang='lat'>‚</span> <span class='ocrx_word' id='word_1_99' title='bbox 738 781 892 837; x_wconf 83' lang='lat' dir='ltr'>aliaque</span> <span class='ocrx_word' id='word_1_100' title='bbox 908 781 1068 824; x_wconf 80' lang='lat' dir='ltr'>Viscera</span> <span class='ocrx_word' id='word_1_101' title='bbox 1084 811 1094 827; x_wconf 91' lang='lat'>‚</span> <span class='ocrx_word' id='word_1_102' title='bbox 1127 785 1170 824; x_wconf 85' lang='lat'>&amp;</span> <span class='ocrx_word' id='word_1_103' title='bbox 1188 783 1262 823; x_wconf 84' lang='lat' dir='ltr'>hac</span> <span class='ocrx_word' id='word_1_104' title='bbox 1293 784 1479 839; x_wconf 85' lang='lat' dir='ltr'>peribunt</span> <span class='ocrx_word' id='word_1_105' title='bbox 1497 780 1620 834; x_wconf 85' lang='lat' dir='ltr'>Aegri</span> <span class='ocrx_word' id='word_1_106' title='bbox 1636 807 1648 823; x_wconf 78' lang='lat'><em>‚</em></span> 
     </span>
     <span class='ocr_line' id='line_1_11' title="bbox 179 836 1648 894; baseline -0.001 -16"><span class='ocrx_word' id='word_1_107' title='bbox 179 839 250 892; x_wconf 92' lang='lat' dir='ltr'>qui</span> <span class='ocrx_word' id='word_1_108' title='bbox 279 839 445 879; x_wconf 86' lang='lat' dir='ltr'>Oriente</span> <span class='ocrx_word' id='word_1_109' title='bbox 475 837 565 879; x_wconf 84' lang='lat' dir='ltr'>Sole</span> <span class='ocrx_word' id='word_1_110' title='bbox 608 838 670 878; x_wconf 88' lang='lat' dir='ltr'>vel</span> <span class='ocrx_word' id='word_1_111' title='bbox 701 841 924 880; x_wconf 84' lang='lat' dir='ltr'>Occidente</span> <span class='ocrx_word' id='word_1_112' title='bbox 953 851 1122 894; x_wconf 89' lang='lat' dir='ltr'>pereunt</span> <span class='ocrx_word' id='word_1_113' title='bbox 1141 868 1149 876; x_wconf 86' lang='lat'>-</span> <span class='ocrx_word' id='word_1_114' title='bbox 1183 839 1538 894; x_wconf 72' lang='lat' dir='ltr'>Quemadmodum</span> <span class='ocrx_word' id='word_1_115' title='bbox 1569 836 1648 877; x_wconf 88' lang='lat' dir='ltr'>hoc</span> 
     </span>
     <span class='ocr_line' id='line_1_12' title="bbox 180 893 1653 951; baseline -0.001 -17"><span class='ocrx_word' id='word_1_116' title='bbox 180 904 363 950; x_wconf 85' lang='lat' dir='ltr'>tempore</span> <span class='ocrx_word' id='word_1_117' title='bbox 389 895 527 936; x_wconf 86' lang='lat' dir='ltr'>melius</span> <span class='ocrx_word' id='word_1_118' title='bbox 560 896 793 951; x_wconf 88' lang='lat' dir='ltr'>plerumque</span> <span class='ocrx_word' id='word_1_119' title='bbox 824 895 860 936; x_wconf 87' lang='lat' dir='ltr'>se</span> <span class='ocrx_word' id='word_1_120' title='bbox 890 896 1038 937; x_wconf 82' lang='lat' dir='ltr'>habent</span> <span class='ocrx_word' id='word_1_121' title='bbox 1053 899 1175 951; x_wconf 86' lang='lat' dir='ltr'>Aegri</span> <span class='ocrx_word' id='word_1_122' title='bbox 1209 898 1444 938; x_wconf 86' lang='lat' dir='ltr'>remittente</span> <span class='ocrx_word' id='word_1_123' title='bbox 1476 909 1546 950; x_wconf 88' lang='lat' dir='ltr'>per</span> <span class='ocrx_word' id='word_1_124' title='bbox 1561 893 1653 934; x_wconf 90' lang='lat' dir='ltr'>Cri-</span> 
     </span>
     <span class='ocr_line' id='line_1_13' title="bbox 180 949 1654 1008; baseline -0.003 -16"><span class='ocrx_word' id='word_1_125' title='bbox 180 949 250 992; x_wconf 85' lang='lat' dir='ltr'>fim</span> <span class='ocrx_word' id='word_1_126' title='bbox 277 953 557 1008; x_wconf 83' lang='lat' dir='ltr'>particularem</span> <span class='ocrx_word' id='word_1_127' title='bbox 569 953 741 994; x_wconf 84' lang='lat' dir='ltr'>Morbo·</span> <span class='ocrx_word' id='word_1_128' title='bbox 776 953 843 994; x_wconf 90' lang='lat' dir='ltr'>Ad</span> <span class='ocrx_word' id='word_1_129' title='bbox 875 950 1014 993; x_wconf 85' lang='lat' dir='ltr'>Crifim</span> <span class='ocrx_word' id='word_1_130' title='bbox 1044 955 1150 994; x_wconf 89' lang='lat' dir='ltr'>enim</span> <span class='ocrx_word' id='word_1_131' title='bbox 1165 955 1272 1008; x_wconf 88' lang='lat' dir='ltr'>quies</span> <span class='ocrx_word' id='word_1_132' title='bbox 1298 954 1495 1007; x_wconf 81' lang='lat' dir='ltr'>quaedam</span> <span class='ocrx_word' id='word_1_133' title='bbox 1525 952 1654 1005; x_wconf 85' lang='lat' dir='ltr'>requi-</span> 
     </span>
     <span class='ocr_line' id='line_1_14' title="bbox 179 1008 1651 1065; baseline 0.002 -17"><span class='ocrx_word' id='word_1_134' title='bbox 179 1010 283 1049; x_wconf 85' lang='lat' dir='ltr'>ritur</span> <span class='ocrx_word' id='word_1_135' title='bbox 297 1039 308 1054; x_wconf 91' lang='lat'>‚</span> <span class='ocrx_word' id='word_1_136' title='bbox 336 1008 398 1050; x_wconf 90' lang='lat' dir='ltr'>seu</span> <span class='ocrx_word' id='word_1_137' title='bbox 425 1009 546 1050; x_wconf 86' lang='lat' dir='ltr'>aestus</span> <span class='ocrx_word' id='word_1_138' title='bbox 574 1009 822 1065; x_wconf 84' lang='lat' dir='ltr'>impetusque</span> <span class='ocrx_word' id='word_1_139' title='bbox 839 1012 968 1051; x_wconf 85' lang='lat' dir='ltr'>minor</span> <span class='ocrx_word' id='word_1_140' title='bbox 984 1038 994 1053; x_wconf 91' lang='lat'><em>‚</em></span> <span class='ocrx_word' id='word_1_141' title='bbox 1028 1012 1098 1064; x_wconf 87' lang='lat' dir='ltr'>qui</span> <span class='ocrx_word' id='word_1_142' title='bbox 1113 1023 1223 1051; x_wconf 86' lang='lat' dir='ltr'>certe</span> <span class='ocrx_word' id='word_1_143' title='bbox 1244 1010 1477 1065; x_wconf 87' lang='lat' dir='ltr'>plerumque</span> <span class='ocrx_word' id='word_1_144' title='bbox 1493 1036 1504 1051; x_wconf 86' lang='lat'>‚</span> <span class='ocrx_word' id='word_1_145' title='bbox 1539 1019 1584 1046; x_wconf 89' lang='lat' dir='ltr'>ut</span> <span class='ocrx_word' id='word_1_146' title='bbox 1601 1019 1651 1047; x_wconf 70' lang='lat' dir='ltr'>ex</span> 
     </span>
     <span class='ocr_line' id='line_1_15' title="bbox 180 1066 1651 1122; baseline -0.002 -16"><span class='ocrx_word' id='word_1_147' title='bbox 180 1066 286 1106; x_wconf 86' lang='lat' dir='ltr'>Mari</span> <span class='ocrx_word' id='word_1_148' title='bbox 316 1077 484 1121; x_wconf 78' lang='lat' dir='ltr'>apparet</span> <span class='ocrx_word' id='word_1_149' title='bbox 501 1094 512 1110; x_wconf 86' lang='lat'>‚</span> <span class='ocrx_word' id='word_1_150' title='bbox 542 1069 672 1120; x_wconf 86' lang='lat' dir='ltr'>major</span> <span class='ocrx_word' id='word_1_151' title='bbox 701 1066 754 1107; x_wconf 87' lang='lat' dir='ltr'>est</span> <span class='ocrx_word' id='word_1_152' title='bbox 783 1066 941 1109; x_wconf 84' lang='lat' dir='ltr'>Aestate</span> <span class='ocrx_word' id='word_1_153' title='bbox 974 1068 1136 1122; x_wconf 87' lang='lat' dir='ltr'>quidem</span> <span class='ocrx_word' id='word_1_154' title='bbox 1165 1069 1360 1111; x_wconf 88' lang='lat' dir='ltr'>Oriente;</span> <span class='ocrx_word' id='word_1_155' title='bbox 1383 1068 1525 1107; x_wconf 84' lang='lat' dir='ltr'>Hieme</span> <span class='ocrx_word' id='word_1_156' title='bbox 1554 1076 1651 1104; x_wconf 83' lang='lat' dir='ltr'>vero</span> 
     </span>
     <span class='ocr_line' id='line_1_16' title="bbox 181 1123 542 1165; baseline 0.006 -2"><span class='ocrx_word' id='word_1_157' title='bbox 181 1124 405 1165; x_wconf 84' lang='lat' dir='ltr'>Occidente</span> <span class='ocrx_word' id='word_1_158' title='bbox 423 1123 512 1165; x_wconf 86' lang='lat' dir='ltr'>Sole</span> <span class='ocrx_word' id='word_1_159' title='bbox 533 1150 542 1160; x_wconf 90' lang='lat'><strong>·</strong></span> 
     </span>
    </p>
   </div>
   <div class='ocr_carea' id='block_1_3' title="bbox 431 1254 1402 1300">
    <p class='ocr_par' dir='ltr' id='par_1_3' title="bbox 431 1254 1402 1300">
     <span class='ocr_line' id='line_1_17' title="bbox 431 1254 1402 1300; baseline 0.001 -4"><span class='ocrx_word' id='word_1_160' title='bbox 431 1254 1053 1300; x_wconf 87' lang='lat' dir='ltr'>PROPOSITIO</span> <span class='ocrx_word' id='word_1_161' title='bbox 1122 1254 1402 1299; x_wconf 65' lang='lat' dir='ltr'>vrum.</span> 
     </span>
    </p>
   </div>
   <div class='ocr_carea' id='block_1_4' title="bbox 181 1373 1648 1766">
    <p class='ocr_par' dir='ltr' id='par_1_4' title="bbox 181 1373 1648 1766">
     <span class='ocr_line' id='line_1_18' title="bbox 181 1373 1646 1442; baseline 0.001 -22"><span class='ocrx_word' id='word_1_162' title='bbox 181 1374 299 1420; x_wconf 84' lang='lat' dir='ltr'>Mare</span> <span class='ocrx_word' id='word_1_163' title='bbox 331 1373 538 1438; x_wconf 89' lang='lat' dir='ltr'>Superum</span> <span class='ocrx_word' id='word_1_164' title='bbox 582 1391 724 1422; x_wconf 85' lang='lat' dir='ltr'>revera</span> <span class='ocrx_word' id='word_1_165' title='bbox 761 1377 1048 1442; x_wconf 81' lang='lat' dir='ltr'>proprietates</span> <span class='ocrx_word' id='word_1_166' title='bbox 1083 1375 1234 1438; x_wconf 83' lang='lat' dir='ltr'>magni</span> <span class='ocrx_word' id='word_1_167' title='bbox 1269 1374 1448 1435; x_wconf 86' lang='lat' dir='ltr'>alicujus</span> <span class='ocrx_word' id='word_1_168' title='bbox 1475 1373 1646 1422; x_wconf 87' lang='lat' dir='ltr'>Fluenti</span> 
     </span>
     <span class='ocr_line' id='line_1_19' title="bbox 249 1453 1644 1519; baseline 0 -18"><span class='ocrx_word' id='word_1_169' title='bbox 249 1453 377 1502; x_wconf 85' lang='lat' dir='ltr'>habet</span> <span class='ocrx_word' id='word_1_170' title='bbox 413 1472 429 1508; x_wconf 80' lang='lat'>3</span> <span class='ocrx_word' id='word_1_171' title='bbox 467 1471 602 1519; x_wconf 90' lang='lat' dir='ltr'>quum</span> <span class='ocrx_word' id='word_1_172' title='bbox 634 1455 789 1505; x_wconf 90' lang='lat' dir='ltr'>horum</span> <span class='ocrx_word' id='word_1_173' title='bbox 825 1457 950 1505; x_wconf 80' lang='lat' dir='ltr'>instar</span> <span class='ocrx_word' id='word_1_174' title='bbox 995 1457 1167 1505; x_wconf 89' lang='lat' dir='ltr'>cursum</span> <span class='ocrx_word' id='word_1_175' title='bbox 1204 1454 1442 1519; x_wconf 83' lang='lat' dir='ltr'>quemdam</span> <span class='ocrx_word' id='word_1_176' title='bbox 1490 1471 1644 1519; x_wconf 87' lang='lat' dir='ltr'>perpe-</span> 
     </span>
     <span class='ocr_line' id='line_1_20' title="bbox 249 1532 1644 1600; baseline -0.002 -16"><span class='ocrx_word' id='word_1_177' title='bbox 249 1552 374 1584; x_wconf 78' lang='lat' dir='ltr'>tuum</span> <span class='ocrx_word' id='word_1_178' title='bbox 393 1536 528 1584; x_wconf 88' lang='lat' dir='ltr'>servet</span> <span class='ocrx_word' id='word_1_179' title='bbox 544 1554 561 1592; x_wconf 80' lang='lat'>3</span> <span class='ocrx_word' id='word_1_180' title='bbox 579 1538 622 1583; x_wconf 91' lang='lat' dir='ltr'>in</span> <span class='ocrx_word' id='word_1_181' title='bbox 648 1536 788 1585; x_wconf 91' lang='lat' dir='ltr'>Alveo</span> <span class='ocrx_word' id='word_1_182' title='bbox 811 1538 888 1586; x_wconf 92' lang='lat' dir='ltr'>suo</span> <span class='ocrx_word' id='word_1_183' title='bbox 920 1537 1139 1592; x_wconf 77' lang='lat' dir='ltr'>elevetur3</span> <span class='ocrx_word' id='word_1_184' title='bbox 1166 1532 1644 1600; x_wconf 80' lang='lat' dir='ltr'>ipsumque‘interdum</span> 
     </span>
     <span class='ocr_line' id='line_1_21' title="bbox 251 1616 1648 1683; baseline -0.001 -17"><span class='ocrx_word' id='word_1_185' title='bbox 251 1617 497 1671; x_wconf 87' lang='lat' dir='ltr'>Alluvione‚</span> <span class='ocrx_word' id='word_1_186' title='bbox 511 1617 578 1666; x_wconf 90' lang='lat' dir='ltr'>vel</span> <span class='ocrx_word' id='word_1_187' title='bbox 595 1617 858 1667; x_wconf 83' lang='lat' dir='ltr'>Corrofione</span> <span class='ocrx_word' id='word_1_188' title='bbox 875 1617 1065 1683; x_wconf 81' lang='lat' dir='ltr'>quadam</span> <span class='ocrx_word' id='word_1_189' title='bbox 1086 1617 1345 1681; x_wconf 88' lang='lat' dir='ltr'>quibusdam</span> <span class='ocrx_word' id='word_1_190' title='bbox 1363 1619 1406 1663; x_wconf 90' lang='lat' dir='ltr'>in</span> <span class='ocrx_word' id='word_1_191' title='bbox 1425 1616 1535 1665; x_wconf 86' lang='lat' dir='ltr'>locis</span> <span class='ocrx_word' id='word_1_192' title='bbox 1556 1633 1648 1664; x_wconf 90' lang='lat' dir='ltr'>mu—</span> 
     </span>
     <span class='ocr_line' id='line_1_22' title="bbox 252 1697 1530 1766; baseline -0.002 -19"><span class='ocrx_word' id='word_1_193' title='bbox 252 1715 315 1748; x_wconf 90' lang='lat' dir='ltr'>tet</span> <span class='ocrx_word' id='word_1_194' title='bbox 331 1717 348 1756; x_wconf 82' lang='lat'>3</span> <span class='ocrx_word' id='word_1_195' title='bbox 382 1702 608 1750; x_wconf 82' lang='lat' dir='ltr'>&amp;caetera</span> <span class='ocrx_word' id='word_1_196' title='bbox 619 1701 808 1766; x_wconf 84' lang='lat' dir='ltr'>patiatur</span> <span class='ocrx_word' id='word_1_197' title='bbox 824 1731 838 1756; x_wconf 88' lang='lat'>,</span> <span class='ocrx_word' id='word_1_198' title='bbox 871 1717 983 1766; x_wconf 83' lang='lat' dir='ltr'>quae</span> <span class='ocrx_word' id='word_1_199' title='bbox 1000 1697 1271 1749; x_wconf 89' lang='lat' dir='ltr'>Fluminibus</span> <span class='ocrx_word' id='word_1_200' title='bbox 1295 1697 1498 1759; x_wconf 75' lang='lat' dir='ltr'>accidunt</span> <span class='ocrx_word' id='word_1_201' title='bbox 1517 1732 1530 1745; x_wconf 92' lang='lat'>.</span> 
     </span>
    </p>
   </div>
   <div class='ocr_carea' id='block_1_5' title="bbox 596 1856 1249 1900">
    <p class='ocr_par' dir='ltr' id='par_1_5' title="bbox 596 1856 1249 1900">
     <span class='ocr_line' id='line_1_23' title="bbox 596 1856 1249 1900; baseline -0.008 0"><span class='ocrx_word' id='word_1_202' title='bbox 596 1856 1249 1900; x_wconf 88' lang='lat' dir='ltr'><strong><em>SCHOLIVMI.</em></strong></span> 
     </span>
    </p>
   </div>
   <div class='ocr_carea' id='block_1_6' title="bbox 184 1979 1654 2494">
    <p class='ocr_par' dir='ltr' id='par_1_6' title="bbox 184 1979 1654 2494">
     <span class='ocr_line' id='line_1_24' title="bbox 188 1979 1652 2076; baseline -0.004 -49"><span class='ocrx_word' id='word_1_203' title='bbox 188 1987 448 2076; x_wconf 84' lang='lat' dir='ltr'>POstrema</span> <span class='ocrx_word' id='word_1_204' title='bbox 473 1986 568 2027; x_wconf 84' lang='lat' dir='ltr'>haec</span> <span class='ocrx_word' id='word_1_205' title='bbox 594 1983 818 2042; x_wconf 76' lang='lat' dir='ltr'>propofitio</span> <span class='ocrx_word' id='word_1_206' title='bbox 849 1986 985 2039; x_wconf 88' lang='lat' dir='ltr'>potius</span> <span class='ocrx_word' id='word_1_207' title='bbox 1018 1982 1188 2023; x_wconf 89' lang='lat' dir='ltr'>aliorum</span> <span class='ocrx_word' id='word_1_208' title='bbox 1220 1979 1562 2021; x_wconf 86' lang='lat' dir='ltr'>observationibus</span> <span class='ocrx_word' id='word_1_209' title='bbox 1592 1983 1652 2021; x_wconf 90' lang='lat' dir='ltr'>in-</span> 
     </span>
     <span class='ocr_line' id='line_1_25' title="bbox 288 2036 1654 2098; baseline -0.004 -14"><span class='ocrx_word' id='word_1_210' title='bbox 288 2046 427 2085; x_wconf 82' lang='lat' dir='ltr'>nititur</span> <span class='ocrx_word' id='word_1_211' title='bbox 457 2074 467 2089; x_wconf 90' lang='lat'>‚</span> <span class='ocrx_word' id='word_1_212' title='bbox 496 2058 616 2098; x_wconf 87' lang='lat' dir='ltr'>quam</span> <span class='ocrx_word' id='word_1_213' title='bbox 654 2042 796 2083; x_wconf 88' lang='lat' dir='ltr'>nostris</span> <span class='ocrx_word' id='word_1_214' title='bbox 827 2057 837 2086; x_wconf 80' lang='lat'>3</span> <span class='ocrx_word' id='word_1_215' title='bbox 872 2049 1078 2096; x_wconf 83' lang='lat' dir='ltr'>praeterea</span> <span class='ocrx_word' id='word_1_216' title='bbox 1117 2037 1195 2079; x_wconf 89' lang='lat' dir='ltr'>fide</span> <span class='ocrx_word' id='word_1_217' title='bbox 1225 2036 1518 2079; x_wconf 83' lang='lat' dir='ltr'>Historicorum</span> <span class='ocrx_word' id='word_1_218' title='bbox 1555 2049 1654 2079; x_wconf 88' lang='lat' dir='ltr'>tem-</span> 
     </span>
     <span class='ocr_line' id='line_1_26' title="bbox 184 2094 1650 2160; baseline -0.005 -17"><span class='ocrx_word' id='word_1_219' title='bbox 184 2103 293 2160; x_wconf 89' lang='lat' dir='ltr'>poris</span> <span class='ocrx_word' id='word_1_220' title='bbox 324 2103 453 2142; x_wconf 68' lang='lat' dir='ltr'>exaffi</span> <span class='ocrx_word' id='word_1_221' title='bbox 484 2131 494 2146; x_wconf 92' lang='lat'><em>‚</em></span> <span class='ocrx_word' id='word_1_222' title='bbox 523 2101 566 2140; x_wconf 88' lang='lat'>&amp;</span> <span class='ocrx_word' id='word_1_223' title='bbox 598 2098 962 2153; x_wconf 85' lang='lat' dir='ltr'>Contemplatione</span> <span class='ocrx_word' id='word_1_224' title='bbox 997 2094 1274 2151; x_wconf 85' lang='lat' dir='ltr'>Philosophica</span> <span class='ocrx_word' id='word_1_225' title='bbox 1311 2095 1650 2150; x_wconf 77' lang='lat' dir='ltr'>magisindiget,</span> 
     </span>
     <span class='ocr_line' id='line_1_27' title="bbox 186 2151 1651 2216; baseline -0.008 -15"><span class='ocrx_word' id='word_1_226' title='bbox 186 2163 305 2216; x_wconf 67' lang='lat' dir='ltr'>quam</span> <span class='ocrx_word' id='word_1_227' title='bbox 335 2156 689 2199; x_wconf 86' lang='lat' dir='ltr'>Observationibus</span> <span class='ocrx_word' id='word_1_228' title='bbox 708 2187 717 2201; x_wconf 92' lang='lat'>,</span> <span class='ocrx_word' id='word_1_229' title='bbox 748 2171 850 2211; x_wconf 85' lang='lat' dir='ltr'>quae</span> <span class='ocrx_word' id='word_1_230' title='bbox 880 2170 952 2208; x_wconf 85' lang='lat' dir='ltr'>per</span> <span class='ocrx_word' id='word_1_231' title='bbox 967 2155 1106 2195; x_wconf 82' lang='lat' dir='ltr'>Vitam</span> <span class='ocrx_word' id='word_1_232' title='bbox 1136 2154 1248 2192; x_wconf 90' lang='lat' dir='ltr'>unius</span> <span class='ocrx_word' id='word_1_233' title='bbox 1265 2151 1475 2197; x_wconf 84' lang='lat' dir='ltr'>Hominis,</span> <span class='ocrx_word' id='word_1_234' title='bbox 1505 2152 1651 2193; x_wconf 89' lang='lat' dir='ltr'>nedum</span> 
     </span>
     <span class='ocr_line' id='line_1_28' title="bbox 188 2209 1642 2272; baseline -0.008 -14"><span class='ocrx_word' id='word_1_235' title='bbox 188 2232 260 2272; x_wconf 89' lang='lat' dir='ltr'>per</span> <span class='ocrx_word' id='word_1_236' title='bbox 295 2217 605 2270; x_wconf 85' lang='lat' dir='ltr'>quinquennium</span> <span class='ocrx_word' id='word_1_237' title='bbox 635 2243 645 2258; x_wconf 89' lang='lat'>‚</span> <span class='ocrx_word' id='word_1_238' title='bbox 685 2212 770 2255; x_wconf 87' lang='lat' dir='ltr'>fieri</span> <span class='ocrx_word' id='word_1_239' title='bbox 802 2210 944 2268; x_wconf 84' lang='lat' dir='ltr'>poffint</span> <span class='ocrx_word' id='word_1_240' title='bbox 975 2240 981 2247; x_wconf 91' lang='lat'><em>.</em></span> <span class='ocrx_word' id='word_1_241' title='bbox 1015 2210 1286 2251; x_wconf 81' lang='lat' dir='ltr'>Hadriaticum</span> <span class='ocrx_word' id='word_1_242' title='bbox 1321 2209 1454 2249; x_wconf 88' lang='lat' dir='ltr'>Sinum</span> <span class='ocrx_word' id='word_1_243' title='bbox 1484 2219 1642 2263; x_wconf 87' lang='lat' dir='ltr'>praeter</span> 
     </span>
     <span class='ocr_line' id='line_1_29' title="bbox 188 2266 1644 2321; baseline -0.005 -8"><span class='ocrx_word' id='word_1_244' title='bbox 188 2274 355 2314; x_wconf 80' lang='lat' dir='ltr'>Fluxum</span> <span class='ocrx_word' id='word_1_245' title='bbox 383 2274 426 2312; x_wconf 89' lang='lat'>&amp;</span> <span class='ocrx_word' id='word_1_246' title='bbox 455 2272 669 2314; x_wconf 85' lang='lat' dir='ltr'>Refluxum</span> <span class='ocrx_word' id='word_1_247' title='bbox 688 2303 697 2318; x_wconf 70' lang='lat'><em>‚</em></span> <span class='ocrx_word' id='word_1_248' title='bbox 726 2270 786 2312; x_wconf 89' lang='lat' dir='ltr'>seu</span> <span class='ocrx_word' id='word_1_249' title='bbox 817 2269 977 2311; x_wconf 77' lang='lat' dir='ltr'>Aestum</span> <span class='ocrx_word' id='word_1_250' title='bbox 993 2269 1187 2308; x_wconf 87' lang='lat' dir='ltr'>marinum</span> <span class='ocrx_word' id='word_1_251' title='bbox 1206 2294 1215 2309; x_wconf 87' lang='grc'>,</span> <span class='ocrx_word' id='word_1_252' title='bbox 1249 2267 1317 2320; x_wconf 86' lang='lat' dir='ltr'>qui</span> <span class='ocrx_word' id='word_1_253' title='bbox 1347 2279 1370 2304; x_wconf 86' lang='lat' dir='ltr'>a</span> <span class='ocrx_word' id='word_1_254' title='bbox 1399 2266 1644 2321; x_wconf 86' lang='lat' dir='ltr'>generalibus</span> 
     </span>
     <span class='ocr_line' id='line_1_30' title="bbox 191 2323 1644 2384; baseline -0.006 -13"><span class='ocrx_word' id='word_1_255' title='bbox 191 2327 325 2371; x_wconf 83' lang='lat' dir='ltr'>causfis</span> <span class='ocrx_word' id='word_1_256' title='bbox 356 2328 534 2371; x_wconf 78' lang='lat' dir='ltr'>Vniversi</span> <span class='ocrx_word' id='word_1_257' title='bbox 556 2358 566 2374; x_wconf 94' lang='lat'><strong><em>,</em></strong></span> <span class='ocrx_word' id='word_1_258' title='bbox 603 2344 745 2384; x_wconf 85' lang='lat' dir='ltr'>nempe</span> <span class='ocrx_word' id='word_1_259' title='bbox 774 2345 798 2370; x_wconf 88' lang='lat' dir='ltr'>a</span> <span class='ocrx_word' id='word_1_260' title='bbox 829 2328 928 2369; x_wconf 89' lang='lat' dir='ltr'>Solis</span> <span class='ocrx_word' id='word_1_261' title='bbox 945 2328 1154 2380; x_wconf 86' lang='lat' dir='ltr'>Lunaeque</span> <span class='ocrx_word' id='word_1_262' title='bbox 1185 2334 1301 2365; x_wconf 89' lang='lat' dir='ltr'>motu</span> <span class='ocrx_word' id='word_1_263' title='bbox 1335 2350 1344 2364; x_wconf 84' lang='lat'><em>‚</em></span> <span class='ocrx_word' id='word_1_264' title='bbox 1386 2323 1514 2363; x_wconf 84' lang='lat' dir='ltr'>aliave</span> <span class='ocrx_word' id='word_1_265' title='bbox 1547 2337 1644 2377; x_wconf 85' lang='lat' dir='ltr'>qua-</span> 
     </span>
     <span class='ocr_line' id='line_1_31' title="bbox 192 2379 1648 2440; baseline -0.005 -12"><span class='ocrx_word' id='word_1_266' title='bbox 192 2401 362 2440; x_wconf 89' lang='lat' dir='ltr'>cumque</span> <span class='ocrx_word' id='word_1_267' title='bbox 387 2385 544 2428; x_wconf 83' lang='lat' dir='ltr'>alterius</span> <span class='ocrx_word' id='word_1_268' title='bbox 575 2388 758 2428; x_wconf 87' lang='lat' dir='ltr'>Planetae</span> <span class='ocrx_word' id='word_1_269' title='bbox 788 2387 982 2440; x_wconf 85' lang='lat' dir='ltr'>vertigine</span> <span class='ocrx_word' id='word_1_270' title='bbox 1017 2382 1190 2440; x_wconf 91' lang='lat' dir='ltr'>pendere</span> <span class='ocrx_word' id='word_1_271' title='bbox 1215 2379 1346 2438; x_wconf 89' lang='lat' dir='ltr'>potest</span> <span class='ocrx_word' id='word_1_272' title='bbox 1371 2408 1382 2424; x_wconf 89' lang='lat'><strong><em>‚</em></strong></span> <span class='ocrx_word' id='word_1_273' title='bbox 1415 2381 1459 2420; x_wconf 84' lang='lat'>&amp;</span> <span class='ocrx_word' id='word_1_274' title='bbox 1489 2390 1648 2435; x_wconf 89' lang='lat' dir='ltr'>praeter</span> 
     </span>
     <span class='ocr_line' id='line_1_32' title="bbox 193 2437 1644 2494; baseline -0.005 -11"><span class='ocrx_word' id='word_1_275' title='bbox 193 2444 480 2485; x_wconf 63' lang='lat' dir='ltr'>Fludimationes</span> <span class='ocrx_word' id='word_1_276' title='bbox 498 2475 508 2490; x_wconf 91' lang='lat'><em>‚</em></span> <span class='ocrx_word' id='word_1_277' title='bbox 522 2445 567 2485; x_wconf 87' lang='lat'>&amp;</span> <span class='ocrx_word' id='word_1_278' title='bbox 581 2442 904 2485; x_wconf 87' lang='lat' dir='ltr'>Intumescentias</span> <span class='ocrx_word' id='word_1_279' title='bbox 921 2442 1044 2484; x_wconf 88' lang='lat' dir='ltr'>varias</span> <span class='ocrx_word' id='word_1_280' title='bbox 1062 2467 1073 2483; x_wconf 86' lang='lat'>‚</span> <span class='ocrx_word' id='word_1_281' title='bbox 1104 2454 1197 2494; x_wconf 86' lang='lat' dir='ltr'>quas</span> <span class='ocrx_word' id='word_1_282' title='bbox 1230 2437 1298 2494; x_wconf 83' lang='lat' dir='ltr'>ipsi</span> <span class='ocrx_word' id='word_1_283' title='bbox 1315 2449 1528 2494; x_wconf 87' lang='lat' dir='ltr'>procreant</span> <span class='ocrx_word' id='word_1_284' title='bbox 1542 2437 1644 2477; x_wconf 82' lang='lat' dir='ltr'>Ven-</span> 
     </span>
    </p>
   </div>
   <div class='ocr_carea' id='block_1_7' title="bbox 196 2493 1652 2606">
    <p class='ocr_par' dir='ltr' id='par_1_7' title="bbox 196 2493 1652 2606">
     <span class='ocr_line' id='line_1_33' title="bbox 196 2493 1650 2557; baseline -0.007 -14"><span class='ocrx_word' id='word_1_285' title='bbox 196 2504 257 2548; x_wconf 86' lang='lat' dir='ltr'>ti,</span> <span class='ocrx_word' id='word_1_286' title='bbox 284 2499 542 2557; x_wconf 86' lang='lat' dir='ltr'>superioribus</span> <span class='ocrx_word' id='word_1_287' title='bbox 571 2502 737 2542; x_wconf 78' lang='lat' dir='ltr'>Saeculis</span> <span class='ocrx_word' id='word_1_288' title='bbox 770 2500 932 2556; x_wconf 85' lang='lat' dir='ltr'>quidam</span> <span class='ocrx_word' id='word_1_289' title='bbox 970 2499 1114 2541; x_wconf 87' lang='lat' dir='ltr'>Veneti</span> <span class='ocrx_word' id='word_1_290' title='bbox 1129 2498 1204 2538; x_wconf 85' lang='lat' dir='ltr'>Rei</span> <span class='ocrx_word' id='word_1_291' title='bbox 1234 2495 1398 2539; x_wconf 85' lang='lat' dir='ltr'>Navalis</span> <span class='ocrx_word' id='word_1_292' title='bbox 1429 2493 1650 2540; x_wconf 64' lang='lat' dir='ltr'>Praefecti,</span> 
     </span>
     <span class='ocr_line' id='line_1_34' title="bbox 1553 2563 1652 2606; baseline -0.01 -14"><span class='ocrx_word' id='word_1_293' title='bbox 1553 2563 1652 2606; x_wconf 88' lang='lat' dir='ltr'>quos</span> 
     </span>
    </p>
   </div>
  </div>
 </body>
</html>
