1814 2902
434 213 1284 259 AESTVSMAeriMi
1543 229 1596 269 ⁷3

130 306 378 361 undeviginti
397 304 548 346 saecula
567 308 649 359 jam
687 306 1003 361 praeterierunt,
1033 304 1078 342 ὃς
1111 312 1244 343 tamen
1276 300 1389 343 Palus
1421 301 1590 344 Maeotis

127 363 304 405 nondum
333 362 386 403 est
419 360 641 409 exficcata‚
669 362 891 416 quinimmo
920 360 1011 400 urbs
1042 358 1185 398 Tanais
1215 359 1265 399 ad
1294 357 1391 400 ostia
1422 357 1592 409 fluminis

125 419 196 461 fita
227 424 302 470 (a)
326 448 337 464 ‚
370 420 414 459 ὃς
441 419 642 460 Tanaitae-
663 416 787 473 ipsam
815 417 951 457 urbem
983 417 1028 456 &
1058 415 1244 469 paludem
1274 415 1491 456 incolentes
1524 431 1592 458 eo-
1649 416 1652 420 ’

127 478 220 518 dem
246 475 453 531 splendore
480 477 624 518 vivunt
655 475 726 525 (b)
755 490 766 520 ;
795 470 1027 527 Pontusque
1058 472 1238 512 Euxinus
1265 486 1372 512 mare
1409 472 1596 527 ampliffi-

126 547 238 574 mum
267 532 397 572 adhuc
425 532 480 574 est
496 564 508 580 ‚
533 543 578 573 ut
599 531 720 586 vulgo
744 531 865 572 hodie
881 531 1164 582 :Mare-‘majus
1179 559 1189 574 ‚
1221 528 1265 569 &
1291 528 1462 583 Nigrum
1477 545 1596 573 voce-

125 601 193 630 tur
213 617 224 634 ,
250 603 373 643 quum
398 589 453 630 nil
482 589 561 632 fere
582 590 631 630 de
660 588 726 630 sua
749 587 1025 645 profunditate
1040 586 1091 628 ab
1121 586 1167 626 iis
1199 586 1445 640 temporibus
1461 586 1595 628 amise-

125 647 181 686 rit
212 675 221 683 .
257 646 394 699 Qare
429 658 543 702 patet
571 661 652 687 non
692 645 840 700 semper
870 646 1039 685 marinas
1069 643 1226 685 lacunas
1255 644 1299 683 δε
1330 658 1438 686 mare
1466 642 1593 700 ipsum

123 717 176 744 ex
207 702 373 758 ingressu
417 704 626 745 fluminum
665 701 850 745 exsiccari
879 729 889 738 -
936 700 1121 744 Elevatur
1160 700 1321 755 quidem
1348 703 1429 755 ejus
1460 701 1593 743 alveus

123 774 175 802 ex
213 760 432 801 sedimento
460 759 668 801 fluminum
699 790 710 806 ‚
751 759 814 801 sed
843 772 965 814 quum
1000 760 1041 798 in
1081 758 1264 799 omnibus
1293 757 1390 798 locis
1419 758 1592 813 quadam

123 819 395 872 proportione
425 817 531 857 idem
559 817 760 862 elevetur,
790 816 995 857 elevantur
1024 816 1068 855 &
1094 818 1177 868 ejus
1210 829 1335 869 aquae
1363 816 1404 855 in
1434 813 1593 871 superfi-

122 875 213 917 cie,
244 886 345 928 quae
377 886 427 914 ex
456 875 648 929 promixis
665 873 835 914 maribus
854 903 864 918 ,
893 884 1014 927 atque
1045 886 1094 914 ex
1109 875 1275 912 Oceano
1292 869 1404 926 ipso,
1429 873 1491 913 vel
1520 886 1593 928 per

122 928 268 971 aestum
300 960 310 974 ,
339 930 402 972 vel
435 944 506 984 per
538 931 659 970 alium
699 928 851 971 fluxum
883 927 1055 970 influunt
1087 959 1097 974 ,
1128 943 1250 982 quum
1282 928 1378 969 haec
1403 942 1592 983 aquarum

121 988 348 1041 proprietas
377 984 451 1030 sit,
480 996 526 1026 ut
555 997 750 1042 perpetuo
781 986 831 1027 ad
864 985 1036 1027 libellam
1067 985 1103 1026 se
1131 984 1165 1025 se
1193 985 1468 1040 componant·
1501 985 1592 1027 Huc

123 1043 227 1084 adde
247 1073 257 1088 ,
283 1056 391 1084 mare
425 1057 475 1085 ex
499 1041 723 1085 fluminibus
746 1042 1035 1097 aliquantulum
1063 1044 1199 1097 augeri
1229 1071 1240 1086 ‚
1278 1056 1324 1083 ut
1363 1045 1404 1083 in
1429 1043 1592 1085 Scholio

120 1098 401 1155 propositionis
431 1099 556 1141 sextae
591 1099 880 1141 observavimus
914 1128 924 1143 ‚
956 1099 1172 1154 multoque,
1207 1101 1330 1153 magis
1361 1101 1495 1153 augeri
1526 1100 1593 1141 de-

122 1158 220 1197 bent
250 1157 426 1198 marinae
464 1156 629 1197 lacunae
658 1155 893 1212 praesertim
918 1156 1046 1197 hieme
1077 1186 1088 1202 ,
1127 1158 1171 1195 &
1202 1157 1247 1194 iis
1279 1158 1319 1194 in
1347 1156 1445 1196 locis
1475 1185 1486 1201 ‚
1525 1157 1594 1198 ubi

121 1212 296 1254 multum
324 1212 430 1266 pluit
459 1243 469 1259 ,
508 1215 566 1253 uti
603 1212 732 1266 reipsa
760 1215 883 1267 magis
913 1213 1017 1266 pluit
1045 1213 1197 1253 Patavii
1228 1226 1277 1253 ex
1306 1212 1592 1255 observationi-

122 1270 196 1310 bus
226 1270 384 1322 Joannis
400 1269 539 1311 Poleni
570 1271 706 1310 eximii
735 1270 1010 1310 mathematici
1042 1271 1086 1310 ὃς
1117 1272 1235 1311 amici
1265 1269 1414 1316 nostri,
1444 1271 1488 1310 &
1517 1270 1596 1312 for-

123 1324 218 1366 taffe
247 1340 317 1381 per
347 1326 540 1380 reliquam
570 1325 792 1366 Marchiam
821 1324 1064 1367 Tarvifinam
1083 1355 1094 1370 ‚
1125 1330 1246 1380 quarn
1277 1328 1318 1366 in
1349 1326 1485 1368 nostris
1515 1329 1595 1369 Re-

125 1383 330 1437 gionibus.
356 1383 492 1436 Qlare
521 1382 600 1422 alio
628 1380 793 1423 flumina
831 1382 898 1422 illa
932 1393 996 1423 tot
1029 1384 1139 1438 aquis
1170 1384 1365 1424 tumentia
1396 1384 1594 1426 deducen-

125 1440 181 1480 do
211 1437 365 1480 fortass'e
395 1440 557 1479 lacunae
587 1439 856 1480 incolumitati
887 1454 968 1480 non
999 1450 1158 1481 tantum
1192 1439 1432 1485 consulitur,
1473 1456 1597 1496 quan-

125 1506 213 1537 tum
228 1493 255 1536 si
271 1497 310 1535 in
324 1511 410 1537 eam
426 1495 580 1551 ingredi
595 1494 809 1536 sinerentur
824 1526 835 1542 ,
865 1498 924 1536 uti
941 1511 1080 1537 eorum
1096 1507 1236 1538 natura
1252 1496 1399 1538 serebat
1416 1526 1423 1533 ·

242 1553 391 1593 Verum
408 1551 468 1592 his
487 1549 604 1592 miffis
621 1552 670 1592 ad
688 1550 786 1592 illud
800 1552 1003 1593 redeamus
1021 1553 1124 1594 unde
1139 1553 1370 1595 divertimus
1392 1586 1398 1594 .
1428 1555 1596 1596 Certum

129 1608 183 1650 est
200 1610 324 1665 igitur
355 1624 379 1649 a
409 1610 522 1650 nobis
551 1608 596 1648 &
623 1624 646 1649 a
675 1609 869 1650 Ravenna
898 1624 1004 1655 mare
1028 1608 1211 1653 receffiffe
1229 1639 1237 1647 ·
1270 1612 1394 1655 Heinc
1414 1626 1597 1667 quaeren-

130 1666 228 1706 dum
257 1664 348 1707 effet
365 1679 440 1710 ,an
455 1679 562 1705 mare
591 1664 729 1705 eadem
757 1668 1023 1720 proportione
1053 1667 1140 1708 heic
1172 1678 1370 1723 perpetuo
1408 1670 1594 1710 recedat.

129 1722 256 1776 Apud
286 1720 436 1763 nostros
463 1731 667 1775 receptum
698 1720 752 1761 est
782 1736 888 1762 mare
917 1720 1073 1778 singulis
1105 1726 1598 1782 annisacontinentiper-

131 1790 260 1832 petuo
289 1779 496 1825 recedere,
526 1781 586 1819 uti
615 1777 768 1819 fortaffe
790 1779 887 1820 olim
902 1780 1136 1826 recedebam
1167 1782 1318 1823 Verum
1348 1782 1467 1824 hodie
1493 1783 1595 1824 hanc

131 1835 260 1888 legem
287 1833 355 1875 fibi
385 1834 537 1877 servare
565 1850 646 1875 non
668 1835 826 1877 videtur
842 1864 852 1879 ‚
881 1838 1008 1877 immo
1021 1841 1264 1881 contrarium
1282 1842 1413 1895 potius
1430 1857 1501 1896 per
1518 1841 1596 1882 hoc

134 1891 463 1945 Qinquennium
491 1891 720 1937 observavi3
749 1907 842 1933 nam
874 1907 923 1934 ex
940 1894 1060 1935 Notis
1091 1895 1190 1939 illis,
1217 1912 1310 1952 quas
1341 1898 1456 1951 lignis
1486 1912 1596 1940 exte·

132 1949 303 1990 rioribus
328 1950 470 1990 Portus
491 1948 610 1990 nostri
638 1947 748 1990 inuffi
767 1978 778 1995 ‚
809 1951 942 2003 potius
962 1966 1070 1993 mare
1085 1951 1163 1993 hoe
1181 1965 1363 2011 tempore
1382 1954 1570 1996 acceffiffe
1586 1987 1596 2002 ‚

132 2019 254 2060 quam
285 2004 467 2047 receffiffe
497 2006 646 2060 colligo
675 2021 684 2050 ;
724 2007 1061 2060 quemadmodum
1097 2010 1287 2066 colligere
1317 2014 1438 2053 etiam
1469 2013 1598 2067 potest

132 2059 338 2117 quisquam
373 2077 422 2103 ex
452 2063 551 2103 Palis
592 2060 758 2103 confixis
797 2061 947 2118 septem
970 2066 1019 2105 ab
1035 2064 1151 2106 heinc
1187 2070 1294 2107 annis
1329 2070 1371 2109 in
1400 2084 1519 2110 arena
1547 2071 1596 2112 ad

132 2119 242 2159 littus
271 2121 389 2160 maris
422 2133 497 2174 pro
527 2118 793 2161 fundamentis
826 2121 1362 2178 Propugnaculicujusdam‚
1392 2126 1502 2180 quod
1531 2127 1598 2167 ad-

135 2174 264 2217 versus
292 2177 439 2231 piratas
472 2175 608 2217 nostris
639 2180 679 2217 in
712 2179 848 2218 animo
864 2190 949 2219 erat
964 2179 1188 2222 construere
1205 2197 1215 2226 3
1247 2195 1337 2222 nam
1369 2183 1474 2238 ligna
1504 2183 1598 2231 illa,

136 2243 181 2273 ut
210 2231 330 2273 nostri
358 2248 494 2274 omnes
511 2245 660 2274 norunt
674 2264 684 2279 ,
709 2234 802 2275 loco
820 2250 841 2276 a
858 2237 957 2276 mari
973 2240 1248 2280 convenienter
1265 2238 1423 2280 distanti
1439 2239 1598 2282 fuerunt

135 2286 293 2329 confixa
310 2320 321 2334 ‚
352 2302 485 2331 tamen
510 2291 630 2331 hodie
660 2294 779 2333 etiam
797 2294 836 2332 in
855 2295 1069 2346 majoribus
1086 2294 1289 2337 receffibus
1318 2299 1436 2338 maris
1452 2297 1504 2338 ab
1518 2302 1597 2351 ejus

137 2345 250 2386 undis
282 2345 483 2386 alluuntur
502 2375 510 2384 .
542 2348 677 2401 Qare
694 2350 818 2390 modo
849 2352 1030 2392 omnibus
1045 2364 1159 2407 patet
1175 2368 1281 2394 mare
1302 2353 1379 2395 hoc
1396 2353 1599 2409 septennio

136 2403 188 2445 ad
218 2403 489 2444 continentem
519 2414 666 2446 terram
705 2406 812 2462 apud.
839 2423 911 2449 nos
950 2407 1137 2451 accessisse
1164 2425 1175 2456 ;
1205 2411 1336 2454 Immo
1362 2412 1500 2454 Turris
1531 2413 1598 2453 illa

950 2467 988 2508 K
1490 2479 1598 2512 vetus

169 2538 210 2571 (a)
229 2539 332 2579 Agoff,
350 2540 398 2577 seu
416 2539 538 2580 Αζαρή,
564 2539 590 2569 θ’
609 2541 706 2581 ΑζασΙι
719 2564 728 2572 .
871 2544 913 2578 (b)
933 2546 1064 2582 Cosacclzi
1081 2545 1127 2574 del
1142 2545 1209 2575 Don
1221 2568 1230 2576 .
1261 2573 1263 2575 .
