1814 2902
1494 251 1563 292 ης

580 381 681 433 ΤΑ
712 387 934 430 RVLA
991 387 1113 429 VII.

125 508 214 562 Fig.
231 508 282 549 A.
300 504 353 548 est
366 503 545 547 Mentula
576 499 728 545 marina
757 499 935 543 informis
959 500 1137 542 Carnumz‘
1155 514 1177 540 a
1193 499 1325 540 Redio
1348 501 1526 542 vocitata
1542 529 1553 546 ,

236 566 281 604 &
297 563 433 604 nostris
448 564 596 619 Spongia
612 589 623 605 ‚
653 575 752 615 quae
769 558 924 600 dissecta.
939 555 1013 597 suit
1030 585 1038 593 .
1056 557 1079 597 h
1094 583 1105 592 ·
1122 555 1175 598 est
1202 558 1281 611 ejus
1306 568 1446 599 cortex
1471 573 1556 598 car-

240 621 449 675 tilagineus
466 648 477 664 ‚
512 619 581 673 qui
602 619 706 658 intus
721 615 775 664 est
790 612 996 656 albiffimus
1013 642 1023 657 ‚
1050 616 1095 655 &
1107 611 1212 669 quafi
1227 612 1426 669 perlaceus
1443 644 1449 651 .
1486 614 1554 655 Ad

235 678 280 718 C.
300 681 347 720 C.
384 676 472 718 sunt
495 676 576 717 duo
602 673 721 715 Colla
747 673 860 727 hujus
886 671 1089 726 Zoophyti
1113 703 1121 711 .
1152 670 1217 711 Ad
1246 673 1279 713 d.
1299 673 1333 712 d.
1360 670 1447 712 sunt
1473 671 1555 712 Tu-

234 734 395 777 bercula
427 734 538 775 varia
566 729 803 773 extrinsecus
834 731 974 785 nigra,
1000 726 1062 768 sed
1090 726 1192 769 seeta
1220 727 1410 769 albiffima
1436 743 1557 785 appa-

237 803 327 832 rent
344 821 352 828 .
372 792 413 831 B.
436 789 496 845 Est
510 791 664 844 Corpus
680 785 885 844 Zoophyti
907 784 1148 827 esculentum
1177 785 1402 828 ventriculo
1417 786 1556 828 huma·

237 859 291 888 no
313 846 435 888 simile
453 875 462 884 .

120 899 271 961 ‘FigD-
303 903 362 944 Est
377 906 534 958 Corpus
551 900 757 958 Zoophyti
780 900 982 944 dissectum
1003 901 1120 943 variis
1147 901 1272 943 veluti
1295 899 1485 942 intestinis
1499 901 1554 941 in-

239 960 430 1003 structum
449 989 456 997 .
490 961 555 1001 Ad
573 978 601 1000 e.
619 975 647 999 e.
673 958 759 1000 sunt
788 962 869 1013 ejus
885 957 1003 1000 Colla
1021 991 1030 999 .
1164 994 1168 997 .

117 1020 198 1076 Fig·
224 1022 263 1061 E·
289 1017 349 1058 Est
366 1017 546 1058 Mentula
561 1015 630 1057 ista
658 1016 835 1057 informis
852 1031 933 1058 non
947 1015 1118 1058 diffedta*
1132 1018 1181 1058 ad
1197 1032 1225 1057 e·
1245 1032 1272 1056 e.
1298 1015 1443 1057 habens
1475 1015 1557 1057 duo

122 1085 127 1088 “
233 1075 353 1117 Colla
382 1073 569 1116 exstantia
585 1085 602 1119 ,’
618 1074 662 1113 &
679 1075 718 1114 in
736 1071 935 1130 superficie
954 1072 1066 1115 fucos
1095 1076 1268 1116 marinos
1292 1074 1499 1128 parvulos·
1535 1074 1544 1084 ”

117 1134 197 1188 fig.
214 1134 252 1173 F·
283 1132 429 1173 Eadem
446 1131 622 1173 Mentula
639 1129 814 1171 informis
842 1131 967 1173 veluti
995 1132 1191 1173 radicibus
1223 1130 1409 1171 instructa
1436 1130 1486 1170 ad
1503 1129 1555 1174 F„

227 1192 271 1230 δε
289 1187 386 1229 fucis
402 1187 575 1243 parvulis
605 1189 645 1227 in
661 1189 814 1228 cortice
832 1186 1034 1241 conspersa
1052 1216 1060 1222 .
1093 1189 1257 1240 Figurae
1288 1200 1424 1227 omnes
1441 1185 1554 1239 hujus

224 1245 401 1288 Tabulae
429 1243 627 1299 expositae
657 1242 814 1283 fuerunt
842 1255 929 1297 cap.
952 1253 1101 1282 xv1111.
1121 1243 1162 1282 in
1177 1242 1412 1298 Appendice
1428 1270 1438 1279 .

557 1355 920 1400 TABVLA
979 1354 1127 1396 VIII.

116 1477 195 1532 Fig.
219 1476 267 1516 A.
288 1471 349 1515 Est
378 1472 557 1515 Mentula
586 1471 738 1514 marina
767 1471 938 1527 vulgaris
968 1472 1178 1512 innumeris
1203 1470 1434 1513 Tuberculis
1452 1503 1461 1517 ‚
1492 1471 1556 1514 seu

235 1530 440 1574 Glandulis
457 1529 664 1586 perforatis
694 1543 764 1584 per
781 1540 909 1569 totam
925 1525 1167 1582 superficiem
1189 1528 1375 1570 instructa
1392 1559 1400 1567 .
1431 1530 1496 1570 Ad
1518 1546 1552 1570 a.

227 1588 313 1630 sunt
334 1587 508 1628 intestina
533 1600 631 1640 quae
647 1584 786 1640 sponte
802 1601 825 1627 a
841 1585 1056 1641 Zoophyto
1075 1587 1197 1626 etiam
1214 1587 1308 1627 vivo
1326 1587 1554 1641 procidunt.

119 1648 199 1703 Fig.
225 1648 265 1686 B.
291 1643 351 1684 Est
365 1645 500 1685 eadem
517 1643 697 1683 Mentula
712 1643 869 1682 dissecta
886 1672 894 1679 .
913 1643 958 1681 In
975 1643 1009 1682 d.
1025 1642 1078 1682 est
1095 1646 1173 1696 ejus
1190 1658 1232 1683 os
1244 1670 1252 1679 ·
1271 1644 1315 1682 C.
1331 1644 1377 1681 C.
1389 1643 1435 1681 C·
1448 1645 1494 1683 C.
1506 1645 1553 1684 C.

231 1701 317 1743 sunt
337 1700 476 1743 lacerti
493 1731 503 1746 ‚
535 1699 695 1753 quidam
712 1699 1018 1754 longitudinales
1036 1727 1046 1742 ‚
1071 1700 1209 1754 quibus
1226 1701 1327 1753 riget
1343 1700 1553 1742 mentula„

233 1762 325 1801 viva
342 1787 352 1799 2
379 1756 405 1798 fi
422 1758 655 1798 attrectetur
674 1784 683 1793 .
713 1755 822 1798 Haec
836 1756 880 1795 ὃς
895 1754 1066 1811 superior
1095 1754 1329 1798 describitur
1346 1770 1432 1812 cap·
1450 1760 1554 1799 xvu.

234 1818 275 1856 in
291 1816 325 1855 A
332 1814 525 1870 ppendice
542 1841 550 1850 ·

120 1874 200 1928 Fjg.
218 1874 270 1913 D.
304 1871 363 1912 Est
381 1872 512 1912 Penna
543 1871 722 1914 marina,
745 1868 810 1911 seu
826 1870 1006 1910 Mentula
1035 1870 1140 1911 alata
1167 1873 1298 1913 minor
1327 1904 1334 1911 .
1365 1871 1430 1912 Ad
1457 1888 1474 1912 e
1501 1871 1554 1913 est

237 1944 257 1969 e
275 1943 316 1968 us
341 1943 384 1968 os
401 1956 410 1964 .

121 1988 198 2041 Fig.
216 1945 271 2026 E]
282 1984 339 2024 Est
355 1986 492 2025 eadem
516 1983 672 2026 diffeeta
698 1985 763 2025 ubi
787 1985 836 2024 ad
851 1984 890 2022 F·
908 1994 1072 2038 apparet
1087 1983 1289 2027 officulum
1309 1987 1550 2027 uncinatum.

235 2042 371 2096 Figura
395 2041 491 2084 haec
508 2072 519 2087 ‚
547 2043 667 2083 uti&
680 2039 851 2095 superior
868 2068 879 2085 ‚
896 2038 1128 2082 describitur
1155 2056 1244 2097 cap.
1262 2056 1391 2084 xvnr.
1413 2045 1453 2084 in
1469 2045 1552 2101 Ap-

237 2100 428 2154 pendice.

579 2154 614 2196 T
645 2156 683 2195 A
715 2157 743 2196 B
773 2157 811 2196 V
841 2157 872 2196 L
902 2157 940 2197 A
997 2156 1088 2196 IX.

120 2272 198 2325 Fig.
210 2271 258 2312 A.
277 2271 336 2312 Est
351 2272 492 2313 Vrtica
508 2272 555 2313 de
572 2285 712 2327 genere
727 2270 1094 2327 Caryophyllorurn
1111 2299 1121 2315 ‚
1138 2270 1200 2312 seu
1217 2272 1408 2313 Podicum
1420 2303 1430 2318 ‚
1444 2271 1548 2314 stria-

232 2330 329 2374 ta‚&
343 2330 393 2369 ad
411 2331 627 2384 marginem
644 2331 826 2369 uncinata
843 2340 918 2382 cap
938 2342 1023 2369 xxr.
1042 2330 1079 2368 in
1093 2331 1326 2385 Appendice
1343 2328 1549 2386 descripta.

119 2385 199 2440 Fig.
217 2387 265 2426 G.
299 2385 359 2426 Est
375 2387 510 2426 Vrtica
543 2387 691 2428 ramosa
708 2416 717 2430 ,
747 2385 806 2427 seu
829 2387 1039 2427 articulata
1056 2419 1067 2432 ,
1096 2385 1244 2428 sulcata
1266 2388 1309 2427 &
1339 2389 1518 2429 coriacea
1538 2414 1549 2431 ‚

238 2442 376 2483 eodem
395 2444 539 2497 Capite
562 2442 628 2484 sub
654 2458 758 2485 num·
778 2458 824 2483 11.
843 2442 1036 2500 descripta
1054 2472 1062 2479 ·

115 2498 251 2555 Figgg.
275 2501 303 2539 B
319 2501 352 2539 C
371 2502 418 2540 D.
439 2499 523 2540 sunt
537 2501 694 2543 Vrticae
709 2500 814 2558 quasi
831 2501 1113 2556 mucilag'ineae
1129 2500 1406 2549 esculentae‚&
1422 2504 1551 2544 vario-

206 2596 209 2599 ,
231 2571 321 2598 rum
349 2556 532 2599 colorum
547 2589 556 2599 .
1391 2559 1549 2616 Figg-E-
