<?xml version="1.0" encoding="UTF-8"?>
<!DOCTYPE html PUBLIC "-//W3C//DTD XHTML 1.0 Transitional//EN"
    "http://www.w3.org/TR/xhtml1/DTD/xhtml1-transitional.dtd">
<html xmlns="http://www.w3.org/1999/xhtml" xml:lang="en" lang="en">
 <head>
  <title>
</title>
<meta http-equiv="Content-Type" content="text/html;charset=utf-8" />
  <meta name='ocr-system' content='tesseract 3.04.00' />
  <meta name='ocr-capabilities' content='ocr_page ocr_carea ocr_par ocr_line ocrx_word'/>
</head>
<body>
  <div class='ocr_page' id='page_1' title='image "./janiplanciarimin00bian_0036.png"; bbox 0 0 1814 2902; ppageno 0'>
   <div class='ocr_carea' id='block_1_1' title="bbox 214 219 1226 263">
    <p class='ocr_par' dir='ltr' id='par_1_1' title="bbox 214 219 1226 263">
     <span class='ocr_line' id='line_1_1' title="bbox 214 219 1226 263; baseline -0.004 0"><span class='ocrx_word' id='word_1_1' title='bbox 214 227 265 263; x_wconf 81' lang='lat'>28</span> <span class='ocrx_word' id='word_1_2' title='bbox 658 219 755 259; x_wconf 85' lang='lat' dir='ltr'>DE</span> <span class='ocrx_word' id='word_1_3' title='bbox 815 219 1226 259; x_wconf 85' lang='lat' dir='ltr'>CONCHIS</span> 
     </span>
    </p>
   </div>
   <div class='ocr_carea' id='block_1_2' title="bbox 580 384 1314 466">
    <p class='ocr_par' dir='ltr' id='par_1_2' title="bbox 580 384 1314 466">
     <span class='ocr_line' id='line_1_2' title="bbox 580 384 1314 466; baseline -0.003 -21"><span class='ocrx_word' id='word_1_4' title='bbox 580 384 982 466; x_wconf 81' lang='lat' dir='ltr'>CAPvT</span> <span class='ocrx_word' id='word_1_5' title='bbox 1062 385 1314 447; x_wconf 88' lang='lat' dir='ltr'>XXII.</span> 
     </span>
    </p>
   </div>
   <div class='ocr_carea' id='block_1_3' title="bbox 246 488 1657 642">
    <p class='ocr_par' dir='ltr' id='par_1_3' title="bbox 246 488 1657 642">
     <span class='ocr_line' id='line_1_3' title="bbox 246 488 1657 536; baseline 0.001 -7"><span class='ocrx_word' id='word_1_6' title='bbox 246 488 424 536; x_wconf 67' lang='lat' dir='ltr'>Tvnsso</span> <span class='ocrx_word' id='word_1_7' title='bbox 470 501 726 528; x_wconf 62' lang='lat' dir='ltr'>vracarvs</span> <span class='ocrx_word' id='word_1_8' title='bbox 768 499 1075 528; x_wconf 79' lang='lat' dir='ltr'>SVBVIRIDIS</span> <span class='ocrx_word' id='word_1_9' title='bbox 1122 500 1368 527; x_wconf 75' lang='lat' dir='ltr'>cosrvrrs</span> <span class='ocrx_word' id='word_1_10' title='bbox 1409 502 1657 530; x_wconf 63' lang='lat' dir='ltr'>ranoru-</span> 
     </span>
     <span class='ocr_line' id='line_1_4' title="bbox 303 545 1656 586; baseline 0.003 -4"><span class='ocrx_word' id='word_1_11' title='bbox 303 558 389 584; x_wconf 76' lang='lat' dir='ltr'>Bvs</span> <span class='ocrx_word' id='word_1_12' title='bbox 424 557 677 584; x_wconf 70' lang='lat' dir='ltr'>rrrronrs</span> <span class='ocrx_word' id='word_1_13' title='bbox 709 545 949 584; x_wconf 77' lang='lat' dir='ltr'>ARIMINI</span> <span class='ocrx_word' id='word_1_14' title='bbox 976 574 984 582; x_wconf 92' lang='lat'><strong>.</strong></span> <span class='ocrx_word' id='word_1_15' title='bbox 1014 545 1148 583; x_wconf 66' lang='lat' dir='ltr'>IDEM</span> <span class='ocrx_word' id='word_1_16' title='bbox 1191 557 1543 586; x_wconf 77' lang='lat' dir='ltr'>ALBOVIRIDIS</span> <span class='ocrx_word' id='word_1_17' title='bbox 1576 560 1656 586; x_wconf 89' lang='lat' dir='ltr'>co-</span> 
     </span>
     <span class='ocr_line' id='line_1_5' title="bbox 306 601 1396 642; baseline -0.001 -2"><span class='ocrx_word' id='word_1_18' title='bbox 306 613 486 640; x_wconf 69' lang='lat' dir='ltr'>srvrrs</span> <span class='ocrx_word' id='word_1_19' title='bbox 529 613 927 642; x_wconf 66' lang='lat' dir='ltr'>TENVIonnzvs.</span> <span class='ocrx_word' id='word_1_20' title='bbox 965 601 1097 640; x_wconf 71' lang='lat' dir='ltr'>IDEM</span> <span class='ocrx_word' id='word_1_21' title='bbox 1136 613 1396 640; x_wconf 78' lang='grc' dir='ltr'><strong>ΜΙΝΙΜνε.</strong></span> 
     </span>
    </p>
   </div>
   <div class='ocr_carea' id='block_1_4' title="bbox 218 694 1725 2532">
    <p class='ocr_par' dir='ltr' id='par_1_4' title="bbox 218 694 1725 2441">
     <span class='ocr_line' id='line_1_6' title="bbox 334 694 1659 751; baseline 0.001 -16"><span class='ocrx_word' id='word_1_22' title='bbox 334 697 413 735; x_wconf 83' lang='grc' dir='ltr'>ΟΝ</span> <span class='ocrx_word' id='word_1_23' title='bbox 443 697 550 750; x_wconf 86' lang='lat' dir='ltr'>quod</span> <span class='ocrx_word' id='word_1_24' title='bbox 585 698 710 736; x_wconf 85' lang='lat' dir='ltr'>minus</span> <span class='ocrx_word' id='word_1_25' title='bbox 742 706 880 737; x_wconf 88' lang='lat' dir='ltr'>notum</span> <span class='ocrx_word' id='word_1_26' title='bbox 909 695 954 735; x_wconf 88' lang='lat' dir='ltr'>fit</span> <span class='ocrx_word' id='word_1_27' title='bbox 984 695 1062 736; x_wconf 88' lang='lat' dir='ltr'>hoc</span> <span class='ocrx_word' id='word_1_28' title='bbox 1085 694 1304 736; x_wconf 88' lang='lat' dir='ltr'>Turbinum</span> <span class='ocrx_word' id='word_1_29' title='bbox 1331 710 1450 751; x_wconf 87' lang='lat' dir='ltr'>genus</span> <span class='ocrx_word' id='word_1_30' title='bbox 1473 696 1560 737; x_wconf 90' lang='lat' dir='ltr'>heic</span> <span class='ocrx_word' id='word_1_31' title='bbox 1590 696 1659 737; x_wconf 79' lang='lat' dir='ltr'>de-</span> 
     </span>
     <span class='ocr_line' id='line_1_7' title="bbox 351 751 1657 806; baseline 0 -14"><span class='ocrx_word' id='word_1_32' title='bbox 351 751 479 793; x_wconf 74' lang='lat' dir='ltr'>scribo</span> <span class='ocrx_word' id='word_1_33' title='bbox 515 781 522 789; x_wconf 84' lang='lat'>.</span> <span class='ocrx_word' id='word_1_34' title='bbox 553 753 811 794; x_wconf 86' lang='lat' dir='ltr'>Rondeletius</span> <span class='ocrx_word' id='word_1_35' title='bbox 849 754 954 792; x_wconf 91' lang='lat' dir='ltr'>enim</span> <span class='ocrx_word' id='word_1_36' title='bbox 986 754 1115 806; x_wconf 85' lang='lat' dir='ltr'>pinxit</span> <span class='ocrx_word' id='word_1_37' title='bbox 1145 783 1156 798; x_wconf 90' lang='lat'><em>‚</em></span> <span class='ocrx_word' id='word_1_38' title='bbox 1194 754 1237 792; x_wconf 75' lang='grc' dir='ltr'>ὅε</span> <span class='ocrx_word' id='word_1_39' title='bbox 1263 752 1453 794; x_wconf 86' lang='lat' dir='ltr'>Turbines</span> <span class='ocrx_word' id='word_1_40' title='bbox 1483 754 1657 806; x_wconf 84' lang='lat' dir='ltr'>virgatos</span> 
     </span>
     <span class='ocr_line' id='line_1_8' title="bbox 222 808 1658 867; baseline -0.002 -16"><span class='ocrx_word' id='word_1_41' title='bbox 222 808 442 867; x_wconf 78' lang='lat' dir='ltr'>appellavit</span> <span class='ocrx_word' id='word_1_42' title='bbox 473 839 481 847; x_wconf 93' lang='lat'><strong><em>.</em></strong></span> <span class='ocrx_word' id='word_1_43' title='bbox 511 810 643 849; x_wconf 83' lang='lat' dir='ltr'>Pinxit</span> <span class='ocrx_word' id='word_1_44' title='bbox 672 810 715 848; x_wconf 87' lang='lat'>&amp;</span> <span class='ocrx_word' id='word_1_45' title='bbox 747 811 785 847; x_wconf 88' lang='lat' dir='ltr'>P.</span> <span class='ocrx_word' id='word_1_46' title='bbox 804 810 1023 849; x_wconf 84' lang='lat' dir='ltr'>Bonannius</span> <span class='ocrx_word' id='word_1_47' title='bbox 1053 839 1062 853; x_wconf 90' lang='lat'><em>‚</em></span> <span class='ocrx_word' id='word_1_48' title='bbox 1092 808 1235 862; x_wconf 87' lang='lat' dir='ltr'>aliique</span> <span class='ocrx_word' id='word_1_49' title='bbox 1261 839 1269 846; x_wconf 90' lang='lat'><em>.</em></span> <span class='ocrx_word' id='word_1_50' title='bbox 1300 810 1371 849; x_wconf 86' lang='lat' dir='ltr'>Sed</span> <span class='ocrx_word' id='word_1_51' title='bbox 1405 808 1512 862; x_wconf 88' lang='lat' dir='ltr'>quod</span> <span class='ocrx_word' id='word_1_52' title='bbox 1543 823 1658 862; x_wconf 88' lang='lat' dir='ltr'>quae-</span> 
     </span>
     <span class='ocr_line' id='line_1_9' title="bbox 218 859 1658 921; baseline -0.003 -11"><span class='ocrx_word' id='word_1_53' title='bbox 218 870 310 910; x_wconf 88' lang='lat' dir='ltr'>dam</span> <span class='ocrx_word' id='word_1_54' title='bbox 343 868 450 906; x_wconf 84' lang='lat' dir='ltr'>circa</span> <span class='ocrx_word' id='word_1_55' title='bbox 479 880 544 905; x_wconf 90' lang='lat' dir='ltr'>eos</span> <span class='ocrx_word' id='word_1_56' title='bbox 577 865 792 921; x_wconf 79' lang='lat' dir='ltr'>peculiaria</span> <span class='ocrx_word' id='word_1_57' title='bbox 808 863 1123 907; x_wconf 80' lang='lat' dir='ltr'>observaverim,</span> <span class='ocrx_word' id='word_1_58' title='bbox 1155 874 1366 919; x_wconf 86' lang='lat' dir='ltr'>propterea</span> <span class='ocrx_word' id='word_1_59' title='bbox 1396 864 1483 904; x_wconf 89' lang='lat' dir='ltr'>heic</span> <span class='ocrx_word' id='word_1_60' title='bbox 1515 859 1658 907; x_wconf 47' lang='lat' dir='ltr'>deseri?-</span> 
     </span>
     <span class='ocr_line' id='line_1_10' title="bbox 218 918 1659 977; baseline -0.003 -13"><span class='ocrx_word' id='word_1_61' title='bbox 218 927 273 966; x_wconf 93' lang='lat' dir='ltr'>bo</span> <span class='ocrx_word' id='word_1_62' title='bbox 291 953 299 967; x_wconf 94' lang='lat'>‚</span> <span class='ocrx_word' id='word_1_63' title='bbox 330 923 372 961; x_wconf 65' lang='grc' dir='ltr'>ὃς</span> <span class='ocrx_word' id='word_1_64' title='bbox 401 933 446 962; x_wconf 87' lang='lat' dir='ltr'>ut</span> <span class='ocrx_word' id='word_1_65' title='bbox 478 924 732 977; x_wconf 77' lang='lat' dir='ltr'>pingerentur</span> <span class='ocrx_word' id='word_1_66' title='bbox 763 922 898 962; x_wconf 88' lang='lat' dir='ltr'>curavi</span> <span class='ocrx_word' id='word_1_67' title='bbox 930 949 937 956; x_wconf 88' lang='lat'>-</span> <span class='ocrx_word' id='word_1_68' title='bbox 967 921 1100 960; x_wconf 90' lang='lat' dir='ltr'>Primo</span> <span class='ocrx_word' id='word_1_69' title='bbox 1130 923 1204 960; x_wconf 87' lang='lat' dir='ltr'>tria</span> <span class='ocrx_word' id='word_1_70' title='bbox 1230 934 1370 973; x_wconf 86' lang='lat' dir='ltr'>genera</span> <span class='ocrx_word' id='word_1_71' title='bbox 1400 935 1537 960; x_wconf 89' lang='lat' dir='ltr'>eorum</span> <span class='ocrx_word' id='word_1_72' title='bbox 1574 918 1659 974; x_wconf 68' lang='lat' dir='ltr'>pas*-</span> 
     </span>
     <span class='ocr_line' id='line_1_11' title="bbox 222 976 1660 1032; baseline -0.003 -11"><span class='ocrx_word' id='word_1_73' title='bbox 222 978 289 1021; x_wconf 83' lang='lat' dir='ltr'>fim</span> <span class='ocrx_word' id='word_1_74' title='bbox 308 981 347 1019; x_wconf 87' lang='lat' dir='ltr'>in</span> <span class='ocrx_word' id='word_1_75' title='bbox 365 977 496 1017; x_wconf 84' lang='lat' dir='ltr'>nostro</span> <span class='ocrx_word' id='word_1_76' title='bbox 527 980 661 1018; x_wconf 88' lang='lat' dir='ltr'>littore</span> <span class='ocrx_word' id='word_1_77' title='bbox 692 979 940 1032; x_wconf 86' lang='lat' dir='ltr'>reperiuntur</span> <span class='ocrx_word' id='word_1_78' title='bbox 958 1005 967 1019; x_wconf 93' lang='lat'><strong><em>,</em></strong></span> <span class='ocrx_word' id='word_1_79' title='bbox 999 988 1044 1016; x_wconf 89' lang='lat' dir='ltr'>ut</span> <span class='ocrx_word' id='word_1_80' title='bbox 1074 978 1114 1015; x_wconf 91' lang='lat' dir='ltr'>in</span> <span class='ocrx_word' id='word_1_81' title='bbox 1144 976 1262 1016; x_wconf 91' lang='lat' dir='ltr'>titulo</span> <span class='ocrx_word' id='word_1_82' title='bbox 1286 978 1531 1018; x_wconf 78' lang='lat' dir='ltr'>memoravi,</span> <span class='ocrx_word' id='word_1_83' title='bbox 1560 990 1660 1030; x_wconf 91' lang='lat' dir='ltr'>quo-</span> 
     </span>
     <span class='ocr_line' id='line_1_12' title="bbox 223 1031 1661 1088; baseline -0.003 -11"><span class='ocrx_word' id='word_1_84' title='bbox 223 1036 309 1078; x_wconf 80' lang='lat' dir='ltr'>rum</span> <span class='ocrx_word' id='word_1_85' title='bbox 342 1035 421 1074; x_wconf 85' lang='lat' dir='ltr'>duo</span> <span class='ocrx_word' id='word_1_86' title='bbox 456 1033 540 1074; x_wconf 78' lang='lat' dir='ltr'>sunt</span> <span class='ocrx_word' id='word_1_87' title='bbox 565 1035 722 1088; x_wconf 65' lang='lat' dir='ltr'>depizsta</span> <span class='ocrx_word' id='word_1_88' title='bbox 751 1035 790 1073; x_wconf 89' lang='lat' dir='ltr'>in</span> <span class='ocrx_word' id='word_1_89' title='bbox 821 1033 974 1076; x_wconf 84' lang='lat' dir='ltr'>Tabula</span> <span class='ocrx_word' id='word_1_90' title='bbox 1002 1033 1046 1073; x_wconf 87' lang='lat' dir='ltr'>V.</span> <span class='ocrx_word' id='word_1_91' title='bbox 1077 1031 1144 1072; x_wconf 89' lang='lat' dir='ltr'>sub</span> <span class='ocrx_word' id='word_1_92' title='bbox 1170 1031 1295 1072; x_wconf 55' lang='lat' dir='ltr'>num?</span> <span class='ocrx_word' id='word_1_93' title='bbox 1310 1033 1394 1072; x_wconf 89' lang='lat' dir='ltr'><strong>VII.</strong></span> <span class='ocrx_word' id='word_1_94' title='bbox 1413 1033 1455 1072; x_wconf 88' lang='lat'>&amp;</span> <span class='ocrx_word' id='word_1_95' title='bbox 1477 1032 1584 1071; x_wconf 87' lang='lat' dir='ltr'>VlIl.</span> <span class='ocrx_word' id='word_1_96' title='bbox 1615 1046 1661 1072; x_wconf 77' lang='lat' dir='ltr'>ea</span> 
     </span>
     <span class='ocr_line' id='line_1_13' title="bbox 221 1087 1662 1148; baseline -0.004 -15"><span class='ocrx_word' id='word_1_97' title='bbox 221 1094 383 1148; x_wconf 86' lang='lat' dir='ltr'>quidem</span> <span class='ocrx_word' id='word_1_98' title='bbox 407 1091 695 1145; x_wconf 75' lang='lat' dir='ltr'>magnitudine,</span> <span class='ocrx_word' id='word_1_99' title='bbox 706 1104 782 1143; x_wconf 85' lang='lat' dir='ltr'>qua</span> <span class='ocrx_word' id='word_1_100' title='bbox 799 1090 1029 1144; x_wconf 89' lang='lat' dir='ltr'>plerumque</span> <span class='ocrx_word' id='word_1_101' title='bbox 1044 1088 1129 1128; x_wconf 88' lang='lat' dir='ltr'>heic</span> <span class='ocrx_word' id='word_1_102' title='bbox 1146 1090 1396 1130; x_wconf 87' lang='lat' dir='ltr'>inveniuntur</span> <span class='ocrx_word' id='word_1_103' title='bbox 1412 1087 1662 1142; x_wconf 78' lang='lat' dir='ltr'>3exemplum</span> 
     </span>
     <span class='ocr_line' id='line_1_14' title="bbox 223 1144 1661 1190; baseline -0.003 -1"><span class='ocrx_word' id='word_1_104' title='bbox 223 1165 317 1190; x_wconf 88' lang='lat' dir='ltr'>vero</span> <span class='ocrx_word' id='word_1_105' title='bbox 335 1149 545 1188; x_wconf 87' lang='lat' dir='ltr'>minimum</span> <span class='ocrx_word' id='word_1_106' title='bbox 569 1146 671 1186; x_wconf 91' lang='lat' dir='ltr'>deest</span> <span class='ocrx_word' id='word_1_107' title='bbox 689 1175 697 1182; x_wconf 87' lang='lat'>-</span> <span class='ocrx_word' id='word_1_108' title='bbox 728 1146 906 1187; x_wconf 88' lang='lat' dir='ltr'>Secundo</span> <span class='ocrx_word' id='word_1_109' title='bbox 928 1146 1125 1186; x_wconf 89' lang='lat' dir='ltr'>observari</span> <span class='ocrx_word' id='word_1_110' title='bbox 1151 1161 1215 1186; x_wconf 88' lang='lat' dir='ltr'>eos</span> <span class='ocrx_word' id='word_1_111' title='bbox 1242 1147 1392 1186; x_wconf 87' lang='lat' dir='ltr'>omneis</span> <span class='ocrx_word' id='word_1_112' title='bbox 1417 1144 1489 1185; x_wconf 82' lang='lat' dir='ltr'>effe</span> <span class='ocrx_word' id='word_1_113' title='bbox 1519 1146 1661 1184; x_wconf 87' lang='lat' dir='ltr'>tricor-</span> 
     </span>
     <span class='ocr_line' id='line_1_15' title="bbox 222 1200 1662 1259; baseline -0.005 -13"><span class='ocrx_word' id='word_1_114' title='bbox 222 1220 316 1246; x_wconf 88' lang='lat' dir='ltr'>neos</span> <span class='ocrx_word' id='word_1_115' title='bbox 336 1233 345 1247; x_wconf 84' lang='lat'><em>‚</em></span> <span class='ocrx_word' id='word_1_116' title='bbox 363 1216 409 1244; x_wconf 89' lang='lat' dir='ltr'>ut</span> <span class='ocrx_word' id='word_1_117' title='bbox 439 1203 626 1259; x_wconf 87' lang='lat' dir='ltr'>superiori</span> <span class='ocrx_word' id='word_1_118' title='bbox 654 1203 781 1257; x_wconf 86' lang='lat' dir='ltr'>capite</span> <span class='ocrx_word' id='word_1_119' title='bbox 810 1204 917 1242; x_wconf 90' lang='lat' dir='ltr'>innui</span> <span class='ocrx_word' id='word_1_120' title='bbox 946 1229 954 1238; x_wconf 83' lang='lat'><strong>.</strong></span> <span class='ocrx_word' id='word_1_121' title='bbox 983 1203 1121 1241; x_wconf 85' lang='lat' dir='ltr'>Tertio</span> <span class='ocrx_word' id='word_1_122' title='bbox 1146 1202 1227 1242; x_wconf 89' lang='lat' dir='ltr'>vidi</span> <span class='ocrx_word' id='word_1_123' title='bbox 1255 1201 1486 1255; x_wconf 83' lang='lat' dir='ltr'>operculum</span> <span class='ocrx_word' id='word_1_124' title='bbox 1518 1200 1662 1240; x_wconf 84' lang='lat' dir='ltr'>habere</span> 
     </span>
     <span class='ocr_line' id='line_1_16' title="bbox 222 1256 1660 1314; baseline -0.006 -11"><span class='ocrx_word' id='word_1_125' title='bbox 222 1262 472 1303; x_wconf 82' lang='lat' dir='ltr'>cochleatum</span> <span class='ocrx_word' id='word_1_126' title='bbox 501 1262 544 1300; x_wconf 85' lang='lat'>&amp;</span> <span class='ocrx_word' id='word_1_127' title='bbox 573 1261 871 1314; x_wconf 86' lang='lat' dir='ltr'>complanatum</span> <span class='ocrx_word' id='word_1_128' title='bbox 890 1257 1001 1298; x_wconf 85' lang='lat' dir='ltr'>instar</span> <span class='ocrx_word' id='word_1_129' title='bbox 1027 1272 1151 1297; x_wconf 87' lang='lat' dir='ltr'>cornu</span> <span class='ocrx_word' id='word_1_130' title='bbox 1169 1256 1367 1310; x_wconf 87' lang='lat' dir='ltr'>cujusdam</span> <span class='ocrx_word' id='word_1_131' title='bbox 1398 1257 1660 1299; x_wconf 82' lang='lat' dir='ltr'>Hammonis,</span> 
     </span>
     <span class='ocr_line' id='line_1_17' title="bbox 222 1311 1663 1369; baseline -0.004 -11"><span class='ocrx_word' id='word_1_132' title='bbox 222 1329 267 1358; x_wconf 89' lang='lat' dir='ltr'>ut</span> <span class='ocrx_word' id='word_1_133' title='bbox 283 1318 413 1359; x_wconf 88' lang='lat' dir='ltr'>videre</span> <span class='ocrx_word' id='word_1_134' title='bbox 429 1316 482 1357; x_wconf 92' lang='lat' dir='ltr'>est</span> <span class='ocrx_word' id='word_1_135' title='bbox 497 1319 536 1356; x_wconf 88' lang='lat' dir='ltr'>in</span> <span class='ocrx_word' id='word_1_136' title='bbox 552 1317 698 1369; x_wconf 84' lang='lat' dir='ltr'>duabus</span> <span class='ocrx_word' id='word_1_137' title='bbox 728 1314 802 1354; x_wconf 89' lang='lat' dir='ltr'>istis</span> <span class='ocrx_word' id='word_1_138' title='bbox 827 1313 959 1368; x_wconf 85' lang='lat' dir='ltr'>figuris</span> <span class='ocrx_word' id='word_1_139' title='bbox 978 1341 986 1349; x_wconf 86' lang='lat'>.</span> <span class='ocrx_word' id='word_1_140' title='bbox 1019 1314 1133 1367; x_wconf 76' lang='lat' dir='ltr'>Qae</span> <span class='ocrx_word' id='word_1_141' title='bbox 1164 1313 1352 1368; x_wconf 87' lang='lat' dir='ltr'>opercula</span> <span class='ocrx_word' id='word_1_142' title='bbox 1375 1314 1415 1351; x_wconf 89' lang='lat' dir='ltr'>in</span> <span class='ocrx_word' id='word_1_143' title='bbox 1446 1311 1663 1352; x_wconf 87' lang='lat' dir='ltr'>sedimento</span> 
     </span>
     <span class='ocr_line' id='line_1_18' title="bbox 222 1367 1663 1426; baseline -0.006 -11"><span class='ocrx_word' id='word_1_144' title='bbox 222 1376 295 1415; x_wconf 89' lang='lat' dir='ltr'>illo</span> <span class='ocrx_word' id='word_1_145' title='bbox 326 1372 456 1414; x_wconf 88' lang='lat' dir='ltr'>nostro</span> <span class='ocrx_word' id='word_1_146' title='bbox 487 1373 736 1426; x_wconf 85' lang='lat' dir='ltr'>reperiuntur</span> <span class='ocrx_word' id='word_1_147' title='bbox 755 1384 830 1411; x_wconf 88' lang='lat' dir='ltr'>una</span> <span class='ocrx_word' id='word_1_148' title='bbox 860 1385 949 1410; x_wconf 90' lang='lat' dir='ltr'>cum</span> <span class='ocrx_word' id='word_1_149' title='bbox 975 1370 1058 1409; x_wconf 90' lang='lat' dir='ltr'>aliis</span> <span class='ocrx_word' id='word_1_150' title='bbox 1088 1372 1285 1421; x_wconf 87' lang='lat' dir='ltr'>majorum</span> <span class='ocrx_word' id='word_1_151' title='bbox 1300 1367 1564 1408; x_wconf 81' lang='lat' dir='ltr'>cochlearum</span> <span class='ocrx_word' id='word_1_152' title='bbox 1580 1398 1590 1413; x_wconf 94' lang='lat'>‚</span> <span class='ocrx_word' id='word_1_153' title='bbox 1615 1377 1663 1408; x_wconf 86' lang='lat' dir='ltr'>ut</span> 
     </span>
     <span class='ocr_line' id='line_1_19' title="bbox 225 1424 1666 1486; baseline -0.006 -15"><span class='ocrx_word' id='word_1_154' title='bbox 225 1432 370 1486; x_wconf 82' lang='lat' dir='ltr'>Capite</span> <span class='ocrx_word' id='word_1_155' title='bbox 386 1431 452 1469; x_wconf 90' lang='lat' dir='ltr'>XI.</span> <span class='ocrx_word' id='word_1_156' title='bbox 471 1430 641 1469; x_wconf 85' lang='lat' dir='ltr'>diximus</span> <span class='ocrx_word' id='word_1_157' title='bbox 659 1456 669 1471; x_wconf 86' lang='lat'>‚</span> <span class='ocrx_word' id='word_1_158' title='bbox 703 1428 745 1467; x_wconf 87' lang='lat'>&amp;</span> <span class='ocrx_word' id='word_1_159' title='bbox 770 1429 809 1467; x_wconf 92' lang='lat' dir='ltr'>in</span> <span class='ocrx_word' id='word_1_160' title='bbox 832 1427 982 1467; x_wconf 84' lang='lat' dir='ltr'>Tabula</span> <span class='ocrx_word' id='word_1_161' title='bbox 998 1426 1070 1465; x_wconf 83' lang='grc' dir='ltr'><strong>ΙΙΙ.</strong></span> <span class='ocrx_word' id='word_1_162' title='bbox 1094 1424 1219 1479; x_wconf 86' lang='lat' dir='ltr'>figura</span> <span class='ocrx_word' id='word_1_163' title='bbox 1234 1427 1265 1464; x_wconf 92' lang='grc' dir='ltr'>Ι.</span> <span class='ocrx_word' id='word_1_164' title='bbox 1284 1426 1393 1478; x_wconf 87' lang='lat' dir='ltr'>pingi</span> <span class='ocrx_word' id='word_1_165' title='bbox 1419 1425 1640 1464; x_wconf 84' lang='lat' dir='ltr'>curavimus</span> <span class='ocrx_word' id='word_1_166' title='bbox 1651 1441 1666 1459; x_wconf 87' lang='lat'>-·</span> 
     </span>
     <span class='ocr_line' id='line_1_20' title="bbox 221 1480 1662 1540; baseline -0.005 -13"><span class='ocrx_word' id='word_1_167' title='bbox 221 1490 384 1540; x_wconf 76' lang='lat' dir='ltr'>Qarto</span> <span class='ocrx_word' id='word_1_168' title='bbox 400 1485 568 1539; x_wconf 87' lang='lat' dir='ltr'>denique</span> <span class='ocrx_word' id='word_1_169' title='bbox 586 1499 650 1525; x_wconf 87' lang='lat' dir='ltr'>eos</span> <span class='ocrx_word' id='word_1_170' title='bbox 666 1485 752 1524; x_wconf 92' lang='lat' dir='ltr'>heic</span> <span class='ocrx_word' id='word_1_171' title='bbox 768 1497 1029 1523; x_wconf 83' lang='lat' dir='ltr'>memoramus</span> <span class='ocrx_word' id='word_1_172' title='bbox 1045 1511 1055 1525; x_wconf 92' lang='lat'>‚</span> <span class='ocrx_word' id='word_1_173' title='bbox 1079 1483 1185 1535; x_wconf 86' lang='lat' dir='ltr'>quod</span> <span class='ocrx_word' id='word_1_174' title='bbox 1219 1480 1504 1522; x_wconf 73' lang='lat' dir='ltr'>observavimus</span> <span class='ocrx_word' id='word_1_175' title='bbox 1522 1494 1662 1520; x_wconf 90' lang='lat' dir='ltr'>eorum</span> 
     </span>
     <span class='ocr_line' id='line_1_21' title="bbox 226 1534 1663 1594; baseline -0.006 -10"><span class='ocrx_word' id='word_1_176' title='bbox 226 1557 385 1584; x_wconf 79' lang='lat' dir='ltr'>carnem</span> <span class='ocrx_word' id='word_1_177' title='bbox 402 1540 560 1582; x_wconf 90' lang='lat' dir='ltr'>succum</span> <span class='ocrx_word' id='word_1_178' title='bbox 578 1539 791 1594; x_wconf 81' lang='lat' dir='ltr'>quemdam</span> <span class='ocrx_word' id='word_1_179' title='bbox 809 1541 1012 1579; x_wconf 88' lang='lat' dir='ltr'>continere</span> <span class='ocrx_word' id='word_1_180' title='bbox 1031 1569 1039 1583; x_wconf 86' lang='lat'>,</span> <span class='ocrx_word' id='word_1_181' title='bbox 1066 1539 1133 1591; x_wconf 86' lang='lat' dir='ltr'>qui</span> <span class='ocrx_word' id='word_1_182' title='bbox 1153 1537 1305 1591; x_wconf 64' lang='lat' dir='ltr'>&#39;digitos</span> <span class='ocrx_word' id='word_1_183' title='bbox 1322 1539 1365 1576; x_wconf 66' lang='grc' dir='ltr'>ὃς</span> <span class='ocrx_word' id='word_1_184' title='bbox 1381 1536 1556 1576; x_wconf 85' lang='lat' dir='ltr'>chartam</span> <span class='ocrx_word' id='word_1_185' title='bbox 1575 1534 1663 1590; x_wconf 86' lang='lat' dir='ltr'>pul-</span> 
     </span>
     <span class='ocr_line' id='line_1_22' title="bbox 226 1592 1663 1652; baseline -0.006 -12"><span class='ocrx_word' id='word_1_186' title='bbox 226 1600 423 1641; x_wconf 85' lang='lat' dir='ltr'>cherrimo</span> <span class='ocrx_word' id='word_1_187' title='bbox 440 1611 641 1652; x_wconf 89' lang='lat' dir='ltr'>purpureo</span> <span class='ocrx_word' id='word_1_188' title='bbox 657 1597 790 1636; x_wconf 90' lang='lat' dir='ltr'>colore</span> <span class='ocrx_word' id='word_1_189' title='bbox 822 1593 970 1635; x_wconf 87' lang='lat' dir='ltr'>inficit.</span> <span class='ocrx_word' id='word_1_190' title='bbox 998 1595 1132 1646; x_wconf 77' lang='lat' dir='ltr'>Qare</span> <span class='ocrx_word' id='word_1_191' title='bbox 1148 1607 1267 1647; x_wconf 89' lang='lat' dir='ltr'>quum</span> <span class='ocrx_word' id='word_1_192' title='bbox 1294 1592 1410 1633; x_wconf 88' lang='lat' dir='ltr'>hodie</span> <span class='ocrx_word' id='word_1_193' title='bbox 1440 1606 1517 1632; x_wconf 91' lang='lat' dir='ltr'>non</span> <span class='ocrx_word' id='word_1_194' title='bbox 1546 1592 1663 1645; x_wconf 86' lang='lat' dir='ltr'>plane</span> 
     </span>
     <span class='ocr_line' id='line_1_23' title="bbox 227 1649 1664 1707; baseline -0.007 -11"><span class='ocrx_word' id='word_1_195' title='bbox 227 1662 366 1697; x_wconf 81' lang='lat' dir='ltr'>&#39;notum</span> <span class='ocrx_word' id='word_1_196' title='bbox 382 1653 426 1695; x_wconf 86' lang='lat' dir='ltr'>fit</span> <span class='ocrx_word' id='word_1_197' title='bbox 442 1685 452 1699; x_wconf 89' lang='lat'>‚</span> <span class='ocrx_word' id='word_1_198' title='bbox 481 1669 531 1695; x_wconf 80' lang='lat' dir='ltr'>ex</span> <span class='ocrx_word' id='word_1_199' title='bbox 545 1667 624 1707; x_wconf 90' lang='lat' dir='ltr'>quo</span> <span class='ocrx_word' id='word_1_200' title='bbox 640 1649 880 1707; x_wconf 82' lang='lat' dir='ltr'>potiffimum</span> <span class='ocrx_word' id='word_1_201' title='bbox 905 1650 1222 1704; x_wconf 84' lang='lat' dir='ltr'>Conchyliorum</span> <span class='ocrx_word' id='word_1_202' title='bbox 1245 1662 1383 1703; x_wconf 85' lang='lat' dir='ltr'>genere</span> <span class='ocrx_word' id='word_1_203' title='bbox 1401 1650 1559 1690; x_wconf 85' lang='lat' dir='ltr'>Veteres</span> <span class='ocrx_word' id='word_1_204' title='bbox 1577 1661 1664 1702; x_wconf 80' lang='lat' dir='ltr'>pre·</span> 
     </span>
     <span class='ocr_line' id='line_1_24' title="bbox 229 1705 1665 1766; baseline -0.007 -13"><span class='ocrx_word' id='word_1_205' title='bbox 229 1712 371 1753; x_wconf 85' lang='lat' dir='ltr'>tiosum</span> <span class='ocrx_word' id='word_1_206' title='bbox 390 1724 632 1766; x_wconf 86' lang='lat' dir='ltr'>purpureum</span> <span class='ocrx_word' id='word_1_207' title='bbox 648 1708 824 1749; x_wconf 89' lang='lat' dir='ltr'>colorem</span> <span class='ocrx_word' id='word_1_208' title='bbox 844 1717 1027 1761; x_wconf 87' lang='lat' dir='ltr'>para-rent</span> <span class='ocrx_word' id='word_1_209' title='bbox 1043 1737 1053 1752; x_wconf 90' lang='lat'><strong><em>,</em></strong></span> <span class='ocrx_word' id='word_1_210' title='bbox 1077 1719 1157 1760; x_wconf 90' lang='lat' dir='ltr'>quo</span> <span class='ocrx_word' id='word_1_211' title='bbox 1175 1705 1330 1758; x_wconf 86' lang='lat' dir='ltr'>Regum</span> <span class='ocrx_word' id='word_1_212' title='bbox 1347 1732 1358 1748; x_wconf 90' lang='lat'>‚</span> <span class='ocrx_word' id='word_1_213' title='bbox 1382 1707 1424 1744; x_wconf 86' lang='lat'>&amp;</span> <span class='ocrx_word' id='word_1_214' title='bbox 1454 1707 1665 1758; x_wconf 86' lang='lat' dir='ltr'>Magnato-</span> 
     </span>
     <span class='ocr_line' id='line_1_25' title="bbox 228 1761 1663 1817; baseline -0.008 -7"><span class='ocrx_word' id='word_1_215' title='bbox 228 1784 316 1810; x_wconf 79' lang='lat' dir='ltr'>rum</span> <span class='ocrx_word' id='word_1_216' title='bbox 340 1767 471 1809; x_wconf 86' lang='lat' dir='ltr'>vesteis</span> <span class='ocrx_word' id='word_1_217' title='bbox 489 1765 715 1806; x_wconf 82' lang='lat' dir='ltr'>inficiebant</span> <span class='ocrx_word' id='word_1_218' title='bbox 732 1793 741 1808; x_wconf 91' lang='lat'>‚</span> <span class='ocrx_word' id='word_1_219' title='bbox 767 1766 809 1804; x_wconf 66' lang='grc' dir='ltr'>ὃς</span> <span class='ocrx_word' id='word_1_220' title='bbox 828 1777 949 1817; x_wconf 89' lang='lat' dir='ltr'>quum</span> <span class='ocrx_word' id='word_1_221' title='bbox 964 1773 1073 1803; x_wconf 87' lang='lat' dir='ltr'>certo</span> <span class='ocrx_word' id='word_1_222' title='bbox 1088 1761 1238 1802; x_wconf 91' lang='lat' dir='ltr'>constet</span> <span class='ocrx_word' id='word_1_223' title='bbox 1253 1765 1293 1801; x_wconf 88' lang='lat' dir='ltr'>in</span> <span class='ocrx_word' id='word_1_224' title='bbox 1310 1761 1383 1801; x_wconf 86' lang='lat' dir='ltr'>hac</span> <span class='ocrx_word' id='word_1_225' title='bbox 1413 1771 1494 1802; x_wconf 84' lang='lat' dir='ltr'>arte</span> <span class='ocrx_word' id='word_1_226' title='bbox 1517 1761 1663 1814; x_wconf 85' lang='lat' dir='ltr'>Tyrios</span> 
     </span>
     <span class='ocr_line' id='line_1_26' title="bbox 227 1816 1662 1877; baseline -0.008 -11"><span class='ocrx_word' id='word_1_227' title='bbox 227 1828 269 1865; x_wconf 86' lang='lat'>&amp;</span> <span class='ocrx_word' id='word_1_228' title='bbox 288 1824 496 1865; x_wconf 86' lang='lat' dir='ltr'>Phoenices</span> <span class='ocrx_word' id='word_1_229' title='bbox 521 1824 691 1877; x_wconf 87' lang='lat' dir='ltr'>Populos</span> <span class='ocrx_word' id='word_1_230' title='bbox 707 1821 983 1860; x_wconf 81' lang='lat' dir='ltr'>Mediterranei</span> <span class='ocrx_word' id='word_1_231' title='bbox 1003 1820 1118 1857; x_wconf 86' lang='lat' dir='ltr'>maris</span> <span class='ocrx_word' id='word_1_232' title='bbox 1148 1817 1301 1857; x_wconf 86' lang='lat' dir='ltr'>accolas</span> <span class='ocrx_word' id='word_1_233' title='bbox 1331 1816 1573 1870; x_wconf 79' lang='lat' dir='ltr'>potiffimum</span> <span class='ocrx_word' id='word_1_234' title='bbox 1597 1830 1662 1856; x_wconf 62' lang='lat' dir='ltr'>exa</span> 
     </span>
     <span class='ocr_line' id='line_1_27' title="bbox 229 1870 1665 1932; baseline -0.008 -10"><span class='ocrx_word' id='word_1_235' title='bbox 229 1879 431 1924; x_wconf 79' lang='lat' dir='ltr'>celluiffe,·</span> <span class='ocrx_word' id='word_1_236' title='bbox 450 1879 557 1932; x_wconf 87' lang='lat' dir='ltr'>quod</span> <span class='ocrx_word' id='word_1_237' title='bbox 589 1885 699 1917; x_wconf 77' lang='lat' dir='ltr'>mare‘</span> <span class='ocrx_word' id='word_1_238' title='bbox 723 1875 775 1915; x_wconf 91' lang='lat' dir='ltr'>est</span> <span class='ocrx_word' id='word_1_239' title='bbox 804 1876 907 1916; x_wconf 86' lang='lat' dir='ltr'>idem</span> <span class='ocrx_word' id='word_1_240' title='bbox 934 1888 979 1914; x_wconf 86' lang='lat' dir='ltr'>ac</span> <span class='ocrx_word' id='word_1_241' title='bbox 1002 1873 1172 1914; x_wconf 86' lang='lat' dir='ltr'>nostrum</span> <span class='ocrx_word' id='word_1_242' title='bbox 1189 1903 1198 1918; x_wconf 93' lang='lat'>,</span> <span class='ocrx_word' id='word_1_243' title='bbox 1228 1872 1325 1912; x_wconf 87' lang='lat' dir='ltr'>istud</span> <span class='ocrx_word' id='word_1_244' title='bbox 1347 1875 1451 1916; x_wconf 83' lang='lat' dir='ltr'>enim</span> <span class='ocrx_word' id='word_1_245' title='bbox 1482 1873 1581 1912; x_wconf 86' lang='lat' dir='ltr'>illius</span> <span class='ocrx_word' id='word_1_246' title='bbox 1611 1870 1665 1911; x_wconf 85' lang='lat' dir='ltr'>est</span> 
     </span>
     <span class='ocr_line' id='line_1_28' title="bbox 229 1928 1666 1986; baseline -0.006 -10"><span class='ocrx_word' id='word_1_247' title='bbox 229 1938 352 1978; x_wconf 87' lang='lat' dir='ltr'>veluti</span> <span class='ocrx_word' id='word_1_248' title='bbox 368 1937 571 1974; x_wconf 85' lang='lat' dir='ltr'>brachium</span> <span class='ocrx_word' id='word_1_249' title='bbox 590 1949 599 1978; x_wconf 91' lang='lat'>;</span> <span class='ocrx_word' id='word_1_250' title='bbox 628 1933 813 1974; x_wconf 85' lang='lat' dir='ltr'>credibile</span> <span class='ocrx_word' id='word_1_251' title='bbox 841 1930 893 1971; x_wconf 91' lang='lat' dir='ltr'>est</span> <span class='ocrx_word' id='word_1_252' title='bbox 907 1961 917 1977; x_wconf 91' lang='lat'>‚</span> <span class='ocrx_word' id='word_1_253' title='bbox 933 1930 1075 1986; x_wconf 88' lang='lat' dir='ltr'>Tyrios</span> <span class='ocrx_word' id='word_1_254' title='bbox 1092 1928 1380 1983; x_wconf 85' lang='lat' dir='ltr'>Phoenicesque</span> <span class='ocrx_word' id='word_1_255' title='bbox 1410 1928 1496 1969; x_wconf 91' lang='lat' dir='ltr'>illos</span> <span class='ocrx_word' id='word_1_256' title='bbox 1518 1943 1567 1969; x_wconf 87' lang='lat' dir='ltr'>ex</span> <span class='ocrx_word' id='word_1_257' title='bbox 1597 1942 1666 1968; x_wconf 85' lang='lat' dir='ltr'>va·-</span> 
     </span>
     <span class='ocr_line' id='line_1_29' title="bbox 228 1986 1666 2040; baseline -0.006 -7"><span class='ocrx_word' id='word_1_258' title='bbox 228 1996 288 2034; x_wconf 84' lang='lat' dir='ltr'>1i0</span> <span class='ocrx_word' id='word_1_259' title='bbox 301 1993 535 2036; x_wconf 85' lang='lat' dir='ltr'>Turbinum,</span> <span class='ocrx_word' id='word_1_260' title='bbox 552 1990 778 2033; x_wconf 75' lang='lat' dir='ltr'>Buccinfim,</span> <span class='ocrx_word' id='word_1_261' title='bbox 794 1990 836 2027; x_wconf 85' lang='lat'>&amp;</span> <span class='ocrx_word' id='word_1_262' title='bbox 851 1988 1021 2028; x_wconf 85' lang='lat' dir='ltr'>aliorum</span> <span class='ocrx_word' id='word_1_263' title='bbox 1039 1986 1354 2040; x_wconf 88' lang='lat' dir='ltr'>Conchyliorum</span> <span class='ocrx_word' id='word_1_264' title='bbox 1370 2000 1508 2038; x_wconf 85' lang='lat' dir='ltr'>genere</span> <span class='ocrx_word' id='word_1_265' title='bbox 1524 1998 1666 2040; x_wconf 85' lang='lat' dir='ltr'>purpu-</span> 
     </span>
     <span class='ocr_line' id='line_1_30' title="bbox 227 2043 1664 2101; baseline -0.006 -11"><span class='ocrx_word' id='word_1_266' title='bbox 227 2064 338 2090; x_wconf 86' lang='lat' dir='ltr'>reum</span> <span class='ocrx_word' id='word_1_267' title='bbox 362 2048 538 2088; x_wconf 86' lang='lat' dir='ltr'>colorem</span> <span class='ocrx_word' id='word_1_268' title='bbox 556 2046 724 2101; x_wconf 78' lang='lat' dir='ltr'>paraffe.</span> <span class='ocrx_word' id='word_1_269' title='bbox 756 2047 1007 2100; x_wconf 78' lang='lat' dir='ltr'>Qamquam</span> <span class='ocrx_word' id='word_1_270' title='bbox 1037 2043 1154 2083; x_wconf 90' lang='lat' dir='ltr'>hodie</span> <span class='ocrx_word' id='word_1_271' title='bbox 1183 2043 1380 2098; x_wconf 85' lang='lat' dir='ltr'>Purpurae</span> <span class='ocrx_word' id='word_1_272' title='bbox 1410 2044 1567 2082; x_wconf 89' lang='lat' dir='ltr'>nomine</span> <span class='ocrx_word' id='word_1_273' title='bbox 1583 2043 1664 2082; x_wconf 81' lang='lat' dir='ltr'>Na-</span> 
     </span>
     <span class='ocr_line' id='line_1_31' title="bbox 230 2098 1665 2157; baseline -0.006 -12"><span class='ocrx_word' id='word_1_274' title='bbox 230 2106 364 2146; x_wconf 86' lang='lat' dir='ltr'>turalis</span> <span class='ocrx_word' id='word_1_275' title='bbox 381 2106 435 2144; x_wconf 85' lang='lat' dir='ltr'>rei</span> <span class='ocrx_word' id='word_1_276' title='bbox 452 2107 667 2157; x_wconf 86' lang='lat' dir='ltr'>Scriptores</span> <span class='ocrx_word' id='word_1_277' title='bbox 698 2103 891 2157; x_wconf 88' lang='lat' dir='ltr'>peculiare</span> <span class='ocrx_word' id='word_1_278' title='bbox 919 2100 1231 2154; x_wconf 88' lang='lat' dir='ltr'>Conchyliorum</span> <span class='ocrx_word' id='word_1_279' title='bbox 1255 2112 1376 2152; x_wconf 86' lang='lat' dir='ltr'>genus</span> <span class='ocrx_word' id='word_1_280' title='bbox 1406 2098 1632 2152; x_wconf 88' lang='lat' dir='ltr'>intelligant</span> <span class='ocrx_word' id='word_1_281' title='bbox 1650 2120 1665 2140; x_wconf 86' lang='lat'>,-</span> 
     </span>
     <span class='ocr_line' id='line_1_32' title="bbox 231 2152 1725 2215; baseline -0.007 -12"><span class='ocrx_word' id='word_1_282' title='bbox 231 2166 340 2215; x_wconf 87' lang='lat' dir='ltr'>cujus</span> <span class='ocrx_word' id='word_1_283' title='bbox 357 2163 487 2202; x_wconf 85' lang='lat' dir='ltr'>variae</span> <span class='ocrx_word' id='word_1_284' title='bbox 505 2159 591 2201; x_wconf 84' lang='lat' dir='ltr'>sunt</span> <span class='ocrx_word' id='word_1_285' title='bbox 606 2158 748 2214; x_wconf 85' lang='lat' dir='ltr'>species</span> <span class='ocrx_word' id='word_1_286' title='bbox 766 2161 886 2201; x_wconf 89' lang='lat' dir='ltr'>etiam</span> <span class='ocrx_word' id='word_1_287' title='bbox 903 2157 1008 2212; x_wconf 87' lang='lat' dir='ltr'>apud</span> <span class='ocrx_word' id='word_1_288' title='bbox 1026 2170 1093 2196; x_wconf 90' lang='lat' dir='ltr'>nos</span> <span class='ocrx_word' id='word_1_289' title='bbox 1111 2183 1120 2198; x_wconf 85' lang='lat'>‚</span> <span class='ocrx_word' id='word_1_290' title='bbox 1151 2166 1197 2196; x_wconf 92' lang='lat' dir='ltr'>ut</span> <span class='ocrx_word' id='word_1_291' title='bbox 1211 2152 1468 2207; x_wconf 81' lang='lat' dir='ltr'>vulgatiffima</span> <span class='ocrx_word' id='word_1_292' title='bbox 1483 2154 1548 2194; x_wconf 90' lang='lat' dir='ltr'>illa</span> <span class='ocrx_word' id='word_1_293' title='bbox 1566 2153 1665 2192; x_wconf 59' lang='lat' dir='ltr'>Cur4</span> <span class='ocrx_word' id='word_1_294' title='bbox 1717 2194 1725 2202; x_wconf 32' lang='lat'><em>⁴</em></span> 
     </span>
     <span class='ocr_line' id='line_1_33' title="bbox 234 2208 1715 2271; baseline -0.007 -12"><span class='ocrx_word' id='word_1_295' title='bbox 234 2217 396 2260; x_wconf 86' lang='lat' dir='ltr'>virostra</span> <span class='ocrx_word' id='word_1_296' title='bbox 413 2218 519 2258; x_wconf 68' lang='lat' dir='ltr'>dic‘ta</span> <span class='ocrx_word' id='word_1_297' title='bbox 535 2246 545 2261; x_wconf 89' lang='lat'><strong><em>,</em></strong></span> <span class='ocrx_word' id='word_1_298' title='bbox 571 2231 670 2271; x_wconf 85' lang='lat' dir='ltr'>quae</span> <span class='ocrx_word' id='word_1_299' title='bbox 687 2229 819 2257; x_wconf 86' lang='lat' dir='ltr'>tamen</span> <span class='ocrx_word' id='word_1_300' title='bbox 849 2230 896 2256; x_wconf 92' lang='lat' dir='ltr'>ne</span> <span class='ocrx_word' id='word_1_301' title='bbox 912 2214 1036 2254; x_wconf 88' lang='lat' dir='ltr'>hilum</span> <span class='ocrx_word' id='word_1_302' title='bbox 1053 2211 1212 2267; x_wconf 88' lang='lat' dir='ltr'>quidem</span> <span class='ocrx_word' id='word_1_303' title='bbox 1229 2210 1421 2266; x_wconf 81' lang='lat' dir='ltr'>praeclari</span> <span class='ocrx_word' id='word_1_304' title='bbox 1450 2208 1669 2252; x_wconf 6' lang='lat' dir='ltr'>illiusrsucci</span> <span class='ocrx_word' id='word_1_305' title='bbox 1712 2224 1715 2227; x_wconf 84' lang='lat'>·</span> 
     </span>
     <span class='ocr_line' id='line_1_34' title="bbox 228 2266 1666 2325; baseline -0.007 -11"><span class='ocrx_word' id='word_1_306' title='bbox 228 2274 397 2316; x_wconf 87' lang='lat' dir='ltr'>ostendit</span> <span class='ocrx_word' id='word_1_307' title='bbox 415 2301 422 2308; x_wconf 83' lang='lat'>.</span> <span class='ocrx_word' id='word_1_308' title='bbox 450 2271 720 2314; x_wconf 85' lang='lat' dir='ltr'>Co-nfirmatur</span> <span class='ocrx_word' id='word_1_309' title='bbox 735 2273 962 2325; x_wconf 59' lang='lat' dir='ltr'>conjectura</span> <span class='ocrx_word' id='word_1_310' title='bbox 980 2269 1106 2310; x_wconf 89' lang='lat' dir='ltr'>nostra</span> <span class='ocrx_word' id='word_1_311' title='bbox 1127 2281 1177 2308; x_wconf 84' lang='lat' dir='ltr'>ex</span> <span class='ocrx_word' id='word_1_312' title='bbox 1196 2282 1243 2308; x_wconf 89' lang='lat' dir='ltr'>eo</span> <span class='ocrx_word' id='word_1_313' title='bbox 1257 2295 1268 2310; x_wconf 85' lang='lat'>,</span> <span class='ocrx_word' id='word_1_314' title='bbox 1281 2268 1387 2320; x_wconf 90' lang='lat' dir='ltr'>quod</span> <span class='ocrx_word' id='word_1_315' title='bbox 1408 2266 1505 2306; x_wconf 89' lang='lat' dir='ltr'>olim</span> <span class='ocrx_word' id='word_1_316' title='bbox 1523 2268 1666 2307; x_wconf 88' lang='lat' dir='ltr'>Ancon</span> 
     </span>
     <span class='ocr_line' id='line_1_35' title="bbox 234 2323 1671 2387; baseline -0.008 -17"><span class='ocrx_word' id='word_1_317' title='bbox 234 2345 391 2384; x_wconf 85' lang='lat' dir='ltr'>quoque</span> <span class='ocrx_word' id='word_1_318' title='bbox 421 2332 510 2370; x_wconf 85' lang='lat' dir='ltr'>urbs</span> <span class='ocrx_word' id='word_1_319' title='bbox 527 2332 637 2371; x_wconf 91' lang='lat' dir='ltr'>nobis</span> <span class='ocrx_word' id='word_1_320' title='bbox 668 2345 766 2387; x_wconf 88' lang='lat' dir='ltr'>pene</span> <span class='ocrx_word' id='word_1_321' title='bbox 795 2327 963 2369; x_wconf 84' lang='lat' dir='ltr'>finitima</span> <span class='ocrx_word' id='word_1_322' title='bbox 988 2329 1201 2381; x_wconf 85' lang='lat' dir='ltr'>Purpureas</span> <span class='ocrx_word' id='word_1_323' title='bbox 1232 2323 1363 2365; x_wconf 87' lang='lat' dir='ltr'>vesteis</span> <span class='ocrx_word' id='word_1_324' title='bbox 1380 2325 1579 2377; x_wconf 80' lang='lat' dir='ltr'>tingebat,</span> <span class='ocrx_word' id='word_1_325' title='bbox 1611 2333 1671 2360; x_wconf 61' lang='lat' dir='ltr'>att}&gt;</span> 
     </span>
     <span class='ocr_line' id='line_1_36' title="bbox 236 2377 1668 2441; baseline -0.006 -15"><span class='ocrx_word' id='word_1_326' title='bbox 236 2402 311 2440; x_wconf 89' lang='lat' dir='ltr'>que</span> <span class='ocrx_word' id='word_1_327' title='bbox 340 2401 383 2425; x_wconf 88' lang='lat' dir='ltr'>ea</span> <span class='ocrx_word' id='word_1_328' title='bbox 413 2388 453 2426; x_wconf 89' lang='lat' dir='ltr'>in</span> <span class='ocrx_word' id='word_1_329' title='bbox 477 2401 518 2426; x_wconf 90' lang='lat' dir='ltr'>re</span> <span class='ocrx_word' id='word_1_330' title='bbox 547 2402 627 2427; x_wconf 87' lang='lat' dir='ltr'>non</span> <span class='ocrx_word' id='word_1_331' title='bbox 653 2389 781 2428; x_wconf 89' lang='lat' dir='ltr'>minus</span> <span class='ocrx_word' id='word_1_332' title='bbox 799 2399 917 2441; x_wconf 83' lang='lat' dir='ltr'>quam</span> <span class='ocrx_word' id='word_1_333' title='bbox 933 2383 1144 2425; x_wconf 86' lang='lat' dir='ltr'>Phoenices</span> <span class='ocrx_word' id='word_1_334' title='bbox 1172 2381 1234 2423; x_wconf 87' lang='lat' dir='ltr'>illi</span> <span class='ocrx_word' id='word_1_335' title='bbox 1263 2392 1391 2435; x_wconf 84' lang='lat' dir='ltr'>patres</span> <span class='ocrx_word' id='word_1_336' title='bbox 1423 2377 1668 2434; x_wconf 81' lang='lat' dir='ltr'>praestabat,</span> 
     </span>
    </p>

    <p class='ocr_par' dir='ltr' id='par_1_5' title="bbox 240 2444 1667 2532">
     <span class='ocr_line' id='line_1_37' title="bbox 240 2444 1611 2532; baseline -0.004 -48"><span class='ocrx_word' id='word_1_337' title='bbox 240 2454 285 2484; x_wconf 87' lang='lat' dir='ltr'>ut</span> <span class='ocrx_word' id='word_1_338' title='bbox 313 2444 458 2484; x_wconf 83' lang='lat' dir='ltr'>cecinit</span> <span class='ocrx_word' id='word_1_339' title='bbox 489 2444 601 2484; x_wconf 83' lang='lat' dir='ltr'>Silius</span> <span class='ocrx_word' id='word_1_340' title='bbox 627 2444 813 2486; x_wconf 85' lang='lat' dir='ltr'>Italicus:</span> <span class='ocrx_word' id='word_1_341' title='bbox 1583 2491 1611 2532; x_wconf 77' lang='lat' dir='ltr'><em>S</em></span> 
     </span>
     <span class='ocr_line' id='line_1_38' title="bbox 1609 2502 1667 2532; baseline 0 0"><span class='ocrx_word' id='word_1_342' title='bbox 1609 2502 1667 2532; x_wconf 79' lang='lat' dir='ltr'>tat</span> 
     </span>
    </p>
   </div>
  </div>
 </body>
</html>
