1814 2902
245 260 321 288 120

381 335 786 380 EXPLICATIO
825 338 1102 381 OMNIVM
1141 340 1544 387 FIGVRARVM

513 436 630 494 Qae
666 437 834 490 prostant
864 439 902 475 in
935 435 1083 478 Tabulis
1113 448 1191 478 tam
1220 442 1383 494 antiquis
1400 467 1412 482 ‚

748 506 858 549 quam
890 493 1146 535 recentioribus
1162 522 1170 531 ·

658 585 950 630 TABVLA
1005 589 1271 630 PRIMA.

326 684 382 723 Io.
401 684 431 722 Ι.
445 681 496 722 Α.
533 681 587 723 est
601 684 739 724 Cornu
755 686 989 726 Hammonis
1005 684 1184 740 primum⁴
1196 684 1506 741 vulgatiffimum
1518 687 1683 729 Littoris

342 738 600 781 Ariminensis
630 741 667 779 in
694 740 796 783 statu
810 741 992 783 naturali·
1010 743 1048 783 B.
1063 743 1107 784 &
1121 746 1166 784 C.
1182 743 1293 785 Idem
1309 758 1359 786 ex
1373 756 1540 800 utraque
1564 756 1681 802 parte

357 799 471 838 vitro
503 800 666 839 audium
683 831 690 839 .
1156 798 1164 806 '
1454 832 1458 835 .

238 857 381 911 Fign.
401 856 453 895 D.
470 853 524 896 est
539 856 677 898 Cornu
692 855 925 898 Hammonis
949 856 1216 902 orbiculatum
1240 859 1365 900 minus
1393 858 1556 913 vulgare
1586 857 1685 912 ejus-

352 913 442 954 dem
471 913 635 953 Littoris
657 915 698 955 in
713 913 812 955 statu
827 913 996 957 naturali
1012 942 1019 951 .
1054 914 1092 953 E·
1111 916 1155 957 ὃς
1170 914 1207 953 F.
1225 916 1336 957 Idem
1350 930 1399 957 ex
1413 925 1578 971 utraque
1594 930 1684 972 par-

353 983 393 1011 te
418 972 525 1012 vitro
543 973 701 1012 aucstum
719 1003 728 1012 .

231 1029 314 1085 Fig.
337 1029 410 1069 III.
442 1028 491 1067 G.
524 1025 576 1068 est
590 1031 729 1070 Cornu
754 1031 986 1071 Hammonis
1011 1032 1173 1071 tertium
1196 1027 1368 1082 ejusdem
1396 1029 1586 1073 Litteris,
1618 1027 1682 1070 seu

349 1085 503 1128 Nautili
532 1099 651 1140 genus
676 1088 717 1128 in
731 1085 832 1128 statu
850 1088 1022 1129 naturali
1038 1114 1048 1124 ·
1080 1086 1131 1130 H.
1159 1087 1203 1128 &
1227 1087 1262 1128 1.
1281 1086 1393 1129 Idem
1410 1099 1578 1143 utraque
1595 1100 1685 1141 pat-

347 1156 385 1184 te
402 1145 508 1184 vitro
525 1145 685 1184 audium
703 1177 712 1184 .

234 1199 315 1256 Fig.
335 1201 422 1241 XII.
451 1201 484 1240 S·
502 1201 545 1239 &
560 1200 607 1239 T.
627 1201 738 1241 Idem
758 1216 850 1242 cum
866 1201 932 1243 suo
949 1204 1125 1258 margine
1141 1204 1249 1244 vitro
1266 1206 1427 1244 audium
1446 1233 1454 1241 .
1484 1201 1550 1242 Ad
1567 1202 1612 1242 V·
1631 1199 1686 1242 est

346 1258 449 1297 idem
480 1266 594 1310 parte
624 1256 777 1298 laterali
789 1270 839 1297 ex
844 1257 1011 1312 pressum
1026 1286 1037 1301 ‚
1068 1270 1112 1299 ut
1128 1259 1264 1299 melius
1284 1262 1362 1311 ejus
1381 1258 1591 1300 umbilicus
1607 1285 1619 1301 ‚
1638 1258 1685 1297 &

350 1328 490 1367 margo
505 1326 687 1354 cernatur
704 1342 711 1350 .

232 1372 312 1426 Fig.
331 1371 436 1411 XIII.
455 1385 487 1411 z.
520 1369 573 1410 est
609 1371 720 1412 Idem
736 1400 747 1416 ,
792 1369 854 1411 sed
890 1372 1012 1424 majus
1043 1372 1084 1411 in
1112 1369 1214 1411 statu
1244 1370 1413 1412 naturali
1429 1397 1438 1407 .
1470 1369 1537 1411 Ad
1565 1372 1608 1412 Z.
1634 1368 1689 1411 est

350 1432 457 1470 vitro
486 1431 648 1469 audium
667 1457 675 1464 .
1400 1434 1403 1436 ’

231 1487 309 1540 Fig.
327 1487 396 1527 IV.
412 1486 455 1525 L.
480 1484 533 1526 est
563 1487 700 1526 Cornu
718 1488 952 1528 Hammonis
981 1485 1156 1540 ejusdem
1188 1486 1353 1527 Littoris
1379 1487 1579 1539 Qartum
1596 1513 1606 1529 2
1623 1485 1689 1528 seu

346 1541 504 1583 Nautili
531 1556 651 1596 genus
681 1545 871 1584 umbilico
896 1557 1030 1584 carens
1056 1546 1097 1584 in
1127 1543 1227 1584 statu
1258 1542 1458 1583 naturali.
1490 1542 1545 1582 M.
1563 1543 1607 1583 &
1631 1542 1686 1582 N·

347 1599 458 1639 Idem
488 1609 653 1653 utraque
669 1610 783 1656 parte
797 1602 905 1641 vitro
923 1601 1084 1641 auctum
1105 1629 1112 1636 .

232 1659 308 1711 Fig.
323 1659 390 1698 Xl-
404 1657 464 1710 Q
475 1657 577 1697 &R-
596 1657 706 1697 Idem
722 1671 814 1697 cum
832 1658 1013 1712 margine
1026 1670 1076 1697 ex
1086 1666 1251 1710 utraque
1268 1667 1382 1710 parte
1394 1659 1501 1697 vitro
1515 1658 1686 1698 aucstum.

233 1717 310 1770 Fig.
328 1715 372 1753 V.
389 1718 436 1754 A.
456 1711 509 1754 est
523 1715 665 1754 Cornu
684 1713 918 1755 Hammonis
948 1715 1125 1755 erectum
1157 1715 1284 1756 minus
1302 1714 1466 1767 vulgare
1485 1743 1495 1757 ,
1525 1713 1586 1755 seu
1610 1714 1688 1754 Or-

346 1770 527 1811 thoceras
557 1770 678 1811 veluti
694 1785 744 1812 ex
774 1770 943 1825 globulis
971 1769 1149 1811 constans
1178 1769 1349 1823 ejusdem
1374 1772 1538 1811 Lictoris
1559 1771 1599 1810 in
1615 1768 1687 1811 sta-

347 1840 391 1869 tu
413 1827 580 1868 naturali
596 1856 605 1863 ·
637 1829 677 1866 Β.
695 1829 738 1867 &
753 1831 801 1869 C.
819 1828 928 1868 Idem
948 1841 997 1867 ex
1027 1838 1196 1881 utraque
1220 1838 1333 1881 parte
1359 1831 1465 1867 vitro
1497 1830 1659 1867 auditum
1675 1857 1684 1866 .

233 1885 312 1940 Fig.
333 1886 402 1926 Vl.
421 1887 470 1925 D.
487 1886 529 1924 ὅ(
546 1886 593 1925 Η.
623 1883 677 1924 est
691 1886 831 1923 Cornu
861 1883 1097 1923 Hammonis
1114 1884 1289 1923 erenstum
1316 1883 1506 1937 Siliquam
1523 1882 1686 1937 Rapha-

346 1941 452 1982 nistri
481 1939 647 1981 referens
665 1971 676 1986 ‚
704 1938 767 1980 seu
788 1939 1033 1981 Orthoceras
1070 1939 1247 1981 striatam
1277 1941 1317 1980 in
1358 1938 1459 1979 statu
1491 1938 1684 1980 naturali.

352 1998 389 2036 E.
410 1997 446 2036 F.
465 1998 515 2036 G.
545 1998 657 2038 Idem
672 1998 778 2038 vitro
795 1998 954 2038 aucocum
973 2025 980 2032 -
998 2004 999 2007 ’

232 2056 299 2111 Fig
331 2054 420 2096 VH.
438 2056 487 2095 G.
517 2053 570 2096 est
586 2056 724 2095 Cornu
743 2053 975 2095 Hammonis
992 2055 1166 2094 erezstum
1184 2082 1193 2097 ,
1212 2052 1433 2109 depreffum
1454 2084 1464 2099 ,
1494 2051 1682 2099 striatum,

341 2111 567 2168 vaginulam
585 2111 707 2166 gladii
734 2110 899 2152 referens
916 2139 925 2154 ‚
958 2110 1018 2152 seu
1035 2110 1277 2152 Orthoceras
1294 2113 1373 2152 &c.
1398 2113 1438 2150 in
1456 2110 1555 2150 statu
1573 2121 1684 2151 natu-

342 2169 415 2210 rali
433 2196 441 2205 -
472 2171 510 2210 H
551 2171 593 2210 &
612 2170 639 2208 I.
667 2168 778 2210 Idem
796 2179 963 2224 utraque
980 2175 1092 2225 parte
1110 2170 1218 2210 vitro
1236 2170 1395 2208 aucium
1415 2196 1422 2204 .

224 2230 305 2283 Fig.
322 2227 431 2266 VIII.
456 2227 499 2266 L.
527 2225 580 2267 est
603 2226 848 2268 vermiculus
879 2227 1012 2267 Saxis,
1058 2227 1102 2267 δε
1131 2226 1263 2280 Lignis
1297 2224 1507 2266 adhaerens
1539 2226 1678 2265 Carnu

338 2285 569 2325 Hammonis
586 2282 752 2325 referens
764 2313 772 2320 .
793 2284 893 2324 M&
906 2284 943 2322 N
967 2282 1079 2324 Idem
1094 2292 1262 2336 utraque
1279 2293 1389 2337 parte
1407 2283 1514 2322 vitro
1533 2283 1680 2322 anetus.

229 2343 308 2397 Fig.
327 2341 372 2380 X.
389 2342 439 2381 Ο.
464 2340 517 2382 est
530 2343 666 2382 Cornu
690 2341 921 2382 Hammonis
938 2341 1103 2382 Littoris
1121 2337 1361 2380 Libui-nensis
1376 2339 1422 2379 ad
1443 2340 1604 2379 Lituum
1619 2352 1683 2378 ac-

343 2398 483 2438 cedens
504 2400 610 2440 vitro
629 2400 788 2440 austum
806 2400 846 2439 in
861 2398 1101 2455 Appendice
1118 2396 1287 2437 secunda
1309 2395 1544 2452 descriptum
1563 2407 1683 2449 cap.1.

230 2459 309 2511 Fig.
327 2455 367 2495 P.
382 2453 435 2494 est
451 2456 557 2496 aliud
579 2459 716 2497 Cornu
748 2457 980 2498 Hammonis
1005 2456 1170 2496 Littoris
1196 2452 1439 2495 Liburnenfis
1456 2454 1504 2494 ad
1522 2454 1683 2494 Lituum

342 2512 529 2553 accedens
558 2514 748 2554 umbilico
773 2527 979 2560 concavo,
1014 2514 1059 2554 ὃς
1075 2513 1183 2554 vitro
1212 2513 1307 2553 item
1339 2513 1498 2553 aucstum
1523 2523 1608 2563 cap.
1631 2510 1683 2548 11.

351 2571 392 2609 in
405 2570 442 2609 A
449 2570 644 2624 ppendice
659 2568 897 2625 descriptum
913 2600 922 2611 .
1557 2565 1689 2606 TABV-
