1814 2902
202 228 250 257 10
635 216 733 255 DE
792 215 1206 256 CONCHIS

253 300 304 338 ΙΙ.
338 299 429 339 Hoc
458 296 632 338 Testacei
660 312 779 354 genus
813 300 1075 354 petrefadtum
1108 302 1152 342 ὃς
1185 300 1333 348 fossile,
1367 315 1413 347 ut
1435 320 1484 349 ex
1501 307 1633 351 iisdem

194 353 495 396 Bononiensibus
511 357 816 398 Commentariis
842 369 1007 414 apparet
1023 387 1032 402 ‚
1065 359 1241 401 abundat
1257 363 1296 402 in
1314 364 1495 406 omnibus
1526 381 1638 408 mon-

195 413 298 453 tibus
315 414 422 452 circa
454 413 699 462 Bononiam(
709 419 776 463 a).
812 416 868 456 At
898 416 1073 457 abundat
1100 418 1220 458 etiam
1243 419 1283 458 in
1313 421 1511 463 montibus
1529 424 1637 464 circa

195 471 421 510 Ariminum
440 500 450 515 ‚
479 471 603 511 immo
620 472 660 510 in
678 482 782 512 terra
802 472 964 514 arenosa
992 473 1193 527 cujusdam
1221 479 1370 517 montis
1385 479 1610 535 Covignani
1625 507 1638 524 ,

196 527 263 579 qui
291 541 400 566 mons
434 525 601 568 secundo
635 528 695 568 vel
729 531 851 570 tertio
885 529 1015 586 lapide
1043 532 1200 574 circiter
1237 548 1259 574 a
1290 534 1640 578 MariAriminenfi

196 582 313 623 distat
331 612 340 626 ‚
372 594 484 624 tanta
515 583 568 624 est
596 586 651 626 vis
669 585 782 639 hujus
812 586 997 642 lapideae
1015 587 1178 632 Testae,
1208 599 1251 630 ut
1276 592 1316 630 in
1346 590 1499 646 singulis
1512 594 1639 635 unciis

195 640 302 680 mille
320 643 362 681 ὃς
380 642 614 696 quingentas
629 644 869 698 repererim,
899 655 946 685 ut
977 644 1101 700 duplo
1131 647 1296 687 excedat
1323 661 1529 691 numerum
1558 650 1642 691 illa-

194 712 280 738 rum
299 725 309 740 ‚
341 712 440 752 quae
458 699 497 737 in
515 713 631 741 arena
662 700 729 740 illa
761 699 861 742 flava
877 700 1106 743 Bononiensi
1138 705 1496 759 reperiuntur(b).
1529 708 1643 747 Prae-

194 765 301 794 terea
329 757 367 794 in
387 756 501 795 unica
529 758 648 797 uncia
677 757 790 810 hujus
824 757 974 799 nostrae
992 761 1146 800 Arenae
1176 762 1393 815 quingenta
1423 763 1501 804 alia
1531 764 1647 804 mini-

195 826 260 852 ma
278 810 442 852 testacea
472 826 645 867 corpora
675 814 730 854 his
761 812 891 856 affinia
916 826 1154 863 cernuntur,
1184 832 1284 871 quae
1314 818 1560 871 sequentibus
1575 819 1646 860 suo

193 867 287 908 loco
328 870 558 909 notabimus
581 901 590 909 .
624 872 689 910 An
721 870 792 912 hae
823 870 958 912 Testae
996 887 1046 913 ex
1077 872 1284 914 universali
1314 873 1568 930 Cataclysmo
1601 876 1646 916 in

191 923 373 966 stratibus
400 925 624 967 nostrorum
649 929 847 968 montium
876 928 1038 969 relictae
1069 927 1214 968 fuerint
1242 957 1253 973 ,
1284 941 1330 969 ut
1346 930 1646 974 Woodwardus

193 983 405 1023 contendit
423 1014 432 1026 ‚
462 984 504 1022 &
521 986 772 1025 communior
798 983 874 1025 fert
902 986 1069 1040 opini0;
1101 1000 1150 1025 an
1181 999 1277 1027 vero
1307 989 1457 1027 marina
1473 1001 1648 1042 corpora.

197 1036 300 1084 sint,
332 1053 433 1093 quae
463 1039 636 1081 nostrum
669 1039 794 1095 ipsum
824 1043 1014 1096 Superum
1044 1042 1155 1082 Mare
1187 1043 1227 1081 in
1253 1040 1386 1083 iisdem
1416 1043 1647 1098 reliquerit,

193 1098 298 1150 quod
336 1095 436 1151 ipsos
470 1099 642 1138 monteis
673 1109 758 1137 tum
788 1097 984 1141 allueret,
1016 1096 1224 1152 sensimque
1249 1101 1298 1139 ab
1322 1100 1397 1141 illis
1424 1101 1648 1147 recefferit,

193 1165 238 1193 ut
269 1154 318 1193 ab
352 1153 458 1194 Vrbe
482 1153 612 1195 nostra
640 1152 792 1195 recellit
821 1155 981 1207 quidem
1000 1185 1011 1199 ,
1042 1155 1085 1195 id
1115 1156 1288 1196 viderint
1317 1157 1576 1212 Philosophi,
1603 1159 1649 1198 &

195 1210 470 1264 Chronologi.
498 1211 687 1252 Nostrum
704 1210 793 1251 heic
808 1225 890 1250 non
919 1210 976 1261 est
1001 1211 1050 1251 de
1078 1211 1152 1252 hac
1182 1226 1225 1252 re
1255 1211 1453 1266 disputare
1470 1244 1479 1252 .
1511 1215 1574 1253 De
1589 1227 1650 1253 re-

193 1267 292 1308 ceffu
310 1282 404 1308 vero
420 1267 542 1307 Maris
574 1270 624 1309 ab
651 1269 748 1308 urbe
768 1269 956 1307 Arimino
987 1296 998 1311 ‚
1028 1268 1161 1322 aliqua
1190 1267 1367 1323 sequenti
1389 1270 1497 1311 libro
1524 1270 1649 1311 attin-

198 1339 288 1378 gam
303 1352 314 1367 ,
344 1325 412 1364 ubi
427 1324 475 1364 de
491 1327 647 1365 ratione
664 1325 789 1365 fluxus
806 1351 818 1366 ‚
848 1324 892 1362 ὃς
907 1321 1077 1365 refluxus
1095 1352 1104 1362 .

593 1529 1037 1593 CAPVT
1109 1530 1256 1589 ΙΙΙ.

197 1665 381 1704 CORNV
407 1662 700 1704 HAMMONIS
732 1666 991 1705 L1rr01zrs
1023 1664 1396 1705 ARIMINENSIS
1424 1677 1612 1711 vas,

283 1734 543 1766 VVLGARE,
567 1733 973 1762 ORBICVLATVM,
1005 1731 1272 1760 STRIATVM
1297 1751 1308 1766 ‚
1338 1735 1618 1764 VMBILICO

283 1789 651 1824 PROMINENTE‚
689 1791 744 1819 Ex
787 1790 890 1824 Qvo
936 1788 1124 1815 STRIAE
1170 1789 1228 1815 ET
1273 1791 1619 1820 LOCVLAMI-:N-

288 1850 348 1876 TA
385 1847 552 1875 OMNIA
591 1847 903 1874 PRODEVNT.

196 1953 226 1993 Ι,
253 1950 451 2039 HOC
484 1951 622 1990 Cornu
658 1947 892 1990 Hammonis
933 1961 1052 2002 genus
1090 1947 1236 1988 littoris
1273 1947 1524 1990 Ariminensis
1569 1951 1644 1992 mi..

390 2022 459 2048 nus
490 2006 652 2060 vulgare
680 2005 880 2062 appellavi
907 2032 916 2047 ‚
949 2006 1057 2060 quod
1095 2006 1216 2046 rarius
1248 2004 1288 2044 in
1319 2005 1545 2047 Sedimento
1574 2020 1646 2049 no-

195 2065 273 2108 stro
305 2067 525 2122 reperiatur
542 2093 553 2108 ,
578 2065 621 2103 &
649 2066 828 2104 omnium
858 2065 970 2115 hujus
995 2064 1144 2116 generis
1171 2060 1449 2102 Testaceorum
1478 2061 1526 2104 fit
1557 2061 1646 2104 lon-

194 2139 241 2179 ge
274 2123 584 2179 pulcherrimum
602 2148 610 2157 -
639 2122 799 2162 Raritas
817 2131 948 2161 tamen
962 2132 1042 2159 non
1056 2118 1108 2159 est
1123 2117 1270 2159 summa
1289 2146 1300 2162 ‚
1329 2133 1452 2173 quum
1481 2129 1642 2163 centum

199 2184 366 2237 triginta
403 2182 446 2222 &
478 2178 582 2220 ultra
612 2192 662 2219 ex
692 2177 766 2219 illis
795 2176 857 2219 sex
885 2177 1009 2216 unciis
1041 2176 1255 2218 Sedimenti
1286 2175 1449 2231 legerim
1473 2208 1481 2217 .
1513 2180 1572 2218 At
1601 2181 1642 2219 in

196 2237 282 2279 aliis
312 2237 540 2278 Sedimentis
570 2237 687 2276 maris
703 2234 848 2280 nostri,
866 2236 909 2275 &
939 2231 1079 2280 inferi,
1108 2248 1155 2274 ne
1186 2247 1307 2274 unum
1335 2234 1494 2286 quidem
1509 2247 1643 2277 cerne.

195 2310 235 2336 re
252 2296 369 2336 licuit
386 2326 395 2335 .
427 2293 739 2335 Pulcherrimum
753 2291 805 2333 est
819 2301 983 2348 propter
999 2288 1164 2347 figuram
1180 2292 1296 2345 plane
1325 2291 1540 2332 rotundam
1554 2323 1565 2337 ,
1596 2295 1642 2333 δε

195 2364 364 2409 propter
394 2347 649 2393 subtiliffimas
681 2348 972 2393 interfectiones
998 2377 1010 2395 ,
1040 2362 1140 2404 quae
1169 2348 1322 2390 striatae
1351 2347 1639 2445 aliquantiulum

1540 2416 1612 2448 unt
1626 2438 1639 2454 ‚

240 2483 293 2513 (a)
314 2480 383 2510 Ibid.
396 2480 424 2509 in
438 2482 509 2510 Com.
525 2481 614 2511 Acad.
627 2481 712 2517 Instit.
813 2514 828 2520 ..
1012 2514 1016 2519 Ι
1087 2514 1092 2519 ,
1117 2513 1122 2519 ,
1425 2512 1430 2517 ,
1491 2511 1496 2516 ,
1609 2510 1626 2517 ..

242 2515 298 2548 (b)
318 2515 388 2555 Pag.
412 2522 426 2543 6
448 2537 564 2545 .....
584 2518 613 2545 in
633 2519 742 2555 Arenae
759 2524 844 2543 uncus
867 2523 920 2553 ηρη
934 2513 1156 2554 amphus—blm,
1176 2522 1300 2552 quantum
1321 2512 1462 2542 Beccartus
1484 2511 1537 2549 lpse
1555 2521 1640 2550 const—

338 2559 374 2579 cn
387 2573 396 2584 ,
408 2529 492 2588 JZpra
505 2551 580 2582 mille
601 2551 627 2582 ἃ
639 2559 778 2590 qusngenta
786 2557 918 2587 potuerant
927 2559 1058 2578 numeram
1069 2569 1077 2579 .
