1814 2902
232 195 305 224 102
547 184 920 224 APPENDIX
965 185 1332 228 SECVNDA.

226 271 339 310 maris
371 268 477 308 dieta
505 266 607 323 fuit,
635 269 834 323 &Joanni
863 269 1040 312 Bauhino
1065 269 1286 316 Veficaria;
1315 269 1367 311 est
1395 274 1499 312 enim
1517 271 1665 313 massan,

226 323 417 378 quaedam
443 339 491 365 ex
521 326 688 367 totidem
717 324 861 367 vesicis
895 326 1066 370 conflata
1092 360 1102 375 ,
1144 339 1309 384 quarum
1342 325 1510 381 singulae
1536 328 1670 384 perfo-

225 392 333 422 ratae
362 379 447 421 sunt
465 383 503 421 in
519 382 651 424 medio
682 385 806 438 partis
832 383 1050 426 inferioris.
1083 384 1339 441 Disputatum
1357 384 1430 425 fuit
1456 383 1569 439 usque
1597 385 1667 426 ad-

225 437 302 477 huc
320 451 342 477 a
358 439 542 479 naturalis
560 438 738 482 historiae
755 441 1017 496 Scriptoribus
1035 441 1130 498 quid
1159 441 1249 485 effet
1276 441 1391 482 maffa
1408 441 1503 482 haec
1519 439 1668 482 Vefica-

227 496 286 536 ria
302 494 494 536 Favorum
521 495 637 537 instar
653 527 663 542 ‚
693 511 811 552 quam
838 499 1063 554 Favagz’nem
1092 501 1213 554 primi
1226 501 1333 540 Gaza
1350 527 1359 540 ‚
1390 499 1432 537 &
1450 499 1665 553 Imperatus

226 553 451 592 vocitarunt
468 580 478 595 ‚
505 554 547 592 &
563 554 749 607 Spumam
782 557 898 595 maris
915 582 925 598 ‚
957 556 1000 595 ὃς
1017 555 1263 610 Alcyonium
1279 554 1488 597 secundum
1502 553 1670 596 Diosco-

226 609 319 649 ridis
344 608 411 648 alii
434 609 711 664 appellarunt.
745 611 818 651 Sed
835 625 940 652 anno
970 611 1175 654 millesimo
1205 609 1543 669 septingentesimo
1570 624 1667 667 quq-
1687 620 1692 626 “

230 663 447 719 dragefimo
476 669 621 708 octavo
651 668 764 708 nonis
795 667 959 723 Augusti
988 671 1116 711 variae
1153 671 1324 711 marinae
1355 659 1666 724 quisquilias-„ad

230 736 292 768 me
318 721 470 763 delatae
500 721 658 764 fuerunt
674 753 684 768 ‚
710 725 813 766 inter
838 734 933 780 quas
964 724 1168 774 frustulum
1193 725 1330 767 massae
1345 725 1447 767 istius
1465 722 1668 768 veficariae

228 780 386 833 reperi,
421 778 483 820 sed
507 782 587 833 ejus
606 779 775 822 folliculi
802 797 882 823 non
910 795 1020 826 erant
1035 786 1148 826 vacui
1167 811 1178 827 ‚
1204 782 1267 824 sed
1297 783 1405 838 pleni
1435 781 1670 838 plerumque

230 835 397 877 humore
431 838 604 892 quodam
631 838 848 896 gelatinoso
865 841 934 885 ,&
962 843 1094 882 accito
1110 842 1286 881 Battarra
1317 839 1472 883 nostro,
1499 839 1668 880 vidimus

231 895 273 933 in
289 894 332 933 iis
350 892 537 936 folliculis
563 908 723 950 praeter
743 895 954 938 humorem
971 897 1082 938 illum
1106 894 1361 952 gelatinosum
1377 897 1571 939 contineri
1585 910 1672 951 par-

229 965 296 992 vas
311 950 503 992 Cochleas
530 954 738 1007 punctatas
767 956 900 1008 capite
931 952 1119 1010 superiori
1148 951 1357 1007 descriptas
1387 983 1398 999 ‚
1428 966 1527 1007 quae
1557 952 1670 999 nudis

230 1011 349 1049 etiam
378 1008 504 1048 oculis
534 1011 793 1051 cernebantur
826 1042 836 1056 ‚
866 1013 905 1052 in
934 1012 1074 1066 quibus
1101 1012 1145 1051 &
1168 1009 1397 1067 operculum
1414 1040 1426 1056 ‚
1452 1010 1496 1049 ὃς
1523 1010 1673 1065 puncta

231 1066 298 1107 illa
326 1065 565 1120 nigricantia
593 1069 841 1123 apparebant
858 1099 866 1108 .
898 1069 1019 1123 Super
1041 1069 1252 1111 -Laminam
1277 1069 1444 1108 vitream
1475 1063 1672 1121 posuimus

231 1124 356 1164 varias
380 1121 605 1176 hujusmodi
629 1123 812 1167 veficulas
829 1156 839 1171 ‚
870 1123 932 1167 seu
950 1126 1146 1168 folliculos
1162 1153 1174 1170 .
1202 1125 1478 1173 &invenimus
1505 1121 1672 1180 singulas

230 1194 311 1221 non
335 1178 542 1235 plusquam
556 1181 681 1221 XXII.
713 1182 908 1223 Cochleas
940 1186 1147 1226 continere
1163 1212 1174 1230 ,
1202 1184 1246 1225 δε
1263 1195 1354 1224 non-
1372 1184 1497 1229 minus
1513 1211 1525 1227 ,
1540 1191 1674 1236 :qnam

230 1233 517 1290 decemseptem
538 1268 544 1276 .
577 1238 712 1290 Qare
736 1251 902 1294 apparet
928 1241 1161 1294 Favaginem
1189 1239 1299 1280 istam
1315 1239 1450 1279 nidum
1475 1237 1580 1280 fuiffe
1596 1238 1675 1278 Co-

229 1293 364 1334 chleae
395 1295 604 1347 punctatae
623 1325 630 1332 .
662 1295 882 1349 Qomodo
895 1307 1029 1340 autem
1044 1296 1222 1337 Cochlea
1250 1295 1320 1336 ista
1334 1296 1529 1351 pundtata
1543 1322 1554 1338 ³
1573 1307 1675 1348 qu&

231 1365 312 1391 non
352 1351 406 1390 ita
424 1363 566 1404 magna
587 1350 665 1394 est,
698 1362 742 1392 ut
765 1354 831 1393 vii<
861 1353 1017 1393 Nucem
1047 1351 1339 1408 Myrrhisticam
1371 1353 1562 1405 majorem
1593 1364 1676 1391 ma-

232 1408 439 1462 gnitudine
463 1407 628 1451 excedat
657 1436 668 1452 ‚
686 1409 800 1450 edere
839 1407 955 1466 poffit
983 1408 1117 1451 favum
1140 1441 1151 1455 ‚
1181 1411 1249 1465 qui
1280 1423 1420 1450 nucem
1451 1407 1678 1462 juglandem

231 1464 449 1505 excedebat
466 1494 476 1508 ,
512 1477 555 1504 ut
586 1479 744 1506 cernere
776 1466 873 1507 ‘licet
897 1466 1049 1508 Tabula
1075 1468 1141 1507 XI.
1160 1465 1284 1522 figura
1309 1468 1357 1507 A.
1377 1493 1387 1508 ‚
1412 1479 1494 1507 non
1523 1464 1675 1520 liquido

231 1519 385 1562 constat
407 1548 413 1556 .
447 1520 612 1561 Fortaffe
627 1550 637 1565 ‚
669 1533 712 1562 ut
737 1523 792 1563 ait
808 1521 1035 1565 Aristoteles
1060 1525 1109 1566 de
1138 1524 1323 1578 Purpuris
1341 1552 1352 1567 ,
1376 1523 1444 1577 qui
1468 1521 1609 1564 multas
1634 1522 1675 1562 in

232 1593 355 1619 unum
381 1578 489 1618 coire
521 1576 649 1619 asserit
666 1609 676 1624 ‚
705 1591 749 1631 ut
764 1578 872 1620 favos
889 1579 1008 1620 edant
1024 1608 1033 1623 ,
1056 1578 1106 1621 fic
1122 1578 1376 1621 &Cochleae
1400 1579 1611 1633 punctatae
1633 1579 1674 1618 in

233 1649 354 1676 unum
385 1645 560 1677 coeunt,
585 1645 630 1675 ut
659 1635 768 1677 favos
797 1635 1037 1677 suos-edant
1069 1664 1079 1680 ,
1104 1636 1173 1690 qui
1202 1636 1304 1676 uniti
1332 1635 1376 1676 &
1405 1635 1675 1690 conglutimti

233 1691 366 1735 maffas
396 1690 479 1732 illas
511 1689 711 1733 veficarias
735 1691 980 1734 constituunt
1010 1724 1020 1740 ‚
1052 1707 1152 1748 quae
1182 1707 1264 1733 non
1289 1702 1447 1733 tantum
1474 1705 1593 1732 nuces
1615 1693 1675 1746 μ-

231 1748 390 1807 glandes
421 1750 587 1802 majores
605 1779 614 1793 ,
643 1748 706 1790 sed
722 1750 765 1789 &
781 1761 906 1804 caput
936 1749 1153 1792 humanum
1169 1778 1179 1793 ‚
1211 1752 1255 1791 ὃς
1270 1748 1393 1790 moles
1423 1749 1518 1789 alias
1540 1750 1674 1803 ingen-

231 1820 289 1849 tes
319 1805 489 1847 referant
507 1833 515 1841 -
547 1805 715 1848 Fortaffe
730 1808 821 1847 Favi
845 1807 1110 1862 Pur-purarum
1128 1837 1138 1851 ,
1163 1808 1420 1847 Buccinarum
1438 1834 1448 1849 ‚
1479 1805 1522 1845 &
1538 1807 1675 1860 Mytu-

233 1865 362 1906 lorum
394 1861 565 1915 ejusdem
588 1861 681 1902 sunt
696 1864 846 1917 generis
877 1876 923 1902 ac
950 1863 1039 1905 Favi
1055 1862 1254 1904 Cochleae
1283 1863 1524 1918 punctataei
1555 1875 1675 1916 quare

234 1921 290 1962 nil
309 1921 480 1964 mirum,
500 1916 527 1958 fi
558 1917 781 1970 hujusmodi
808 1919 1014 1974 Favagines
1043 1918 1225 1976 copiosae
1254 1917 1383 1961 sintin
1400 1920 1499 1960 mari
1525 1916 1672 1963 nostro,

232 1991 356 2033 quum
380 1991 403 2017 a
435 1986 499 2017 tot
515 1975 689 2016 Conchis
703 1975 966 2032 Cochleisque
994 1977 1159 2018 edantur
1176 2004 1186 2014 -
1216 1977 1393 2022 Verum,
1422 1975 1613 2031 quicquid
1627 1972 1673 2016 fit

233 2038 282 2076 de
297 2035 369 2074 hac
385 2048 426 2074 re
445 2064 455 2079 ,
478 2044 633 2074 certum
647 2031 700 2074 est
717 2033 949 2088 Favaginem
966 2034 1072 2076 illam
1088 2034 1156 2075 sub
1173 2033 1306 2075 littera
1322 2035 1373 2073 A.
1389 2033 1488 2075 Tab.
1505 2033 1574 2074 XI·
1601 2032 1674 2072 Ni-

234 2094 329 2134 dum
348 2089 453 2132 fuiffe
479 2088 541 2131 seu
558 2089 702 2131 Favum
719 2091 919 2134 cochleae
949 2093 1181 2147 punc‘tatae,
1203 2091 1247 2131 &
1263 2091 1356 2131 Favi
1374 2118 1384 2133 ,
1415 2088 1479 2131 seu
1494 2088 1673 2131 Folliculi

234 2167 266 2191 af.
285 2164 366 2190 aa·
398 2158 512 2190 erant
541 2146 759 2203 perforati,
789 2162 838 2190 ex
868 2150 1007 2203 quibus
1038 2147 1269 2206 prodierunt
1295 2146 1493 2188 Cochleae
1511 2173 1522 2189 2
1549 2146 1674 2186 ceteri

236 2222 331 2248 vero
362 2216 475 2247 erant
504 2202 619 2245 claufi
636 2235 648 2250 ‚
678 2206 775 2245 &in
795 2204 828 2246 se
843 2206 1035 2248 Cochleas
1064 2203 1202 2260 singuli
1220 2204 1269 2245 ad
1287 2205 1426 2258 viginti
1444 2205 1488 2244 &
1504 2202 1671 2258 amplius

235 2264 493 2306 continebant
512 2290 518 2297 -
553 2263 599 2302 In
617 2261 749 2304 nostro
765 2265 918 2305 Littore
944 2264 1052 2305 unius
1071 2273 1227 2303 tantum
1244 2264 1395 2317 generis
1422 2259 1475 2302 est
1490 2261 1645 2314 Favago
1659 2285 1672 2303 2

237 2336 336 2377 quae
364 2319 520 2377 copiosa
553 2319 640 2360 satis
655 2319 707 2360 est
724 2351 732 2359 .
764 2321 982 2376 Imperatus
1015 2335 1109 2362 vero
1125 2319 1206 2360 duo
1237 2333 1378 2374 genera
1398 2320 1540 2373 ponit,
1570 2331 1671 2372 quae

237 2379 288 2419 ad
306 2378 539 2431 Favaginem
557 2376 775 2418 Aristotelis
792 2407 802 2421 ,
833 2379 877 2418 &
892 2378 941 2419 ad
959 2374 1202 2433 Alcyonium
1233 2376 1444 2418 secundum
1473 2373 1677 2427 Dioscorijp

235 2437 294 2478 dis
326 2433 468 2475 refert.
501 2433 646 2477 Nostra
661 2434 715 2476 est
731 2466 741 2483 ,
770 2450 889 2492 quam
904 2435 970 2477 sub
986 2450 1127 2492 genere
1144 2432 1312 2476 secundo
1327 2435 1465 2488 ponit·
1497 2433 1676 2528 Primftffm

1615 2500 1681 2528 or-
