1814 2902
236 228 311 256 100
547 213 924 259 APPENDIX
969 214 1329 262 SECVNDA.

230 302 359 342 ferunt
374 301 510 342 Echini
547 300 666 342 nostri
692 303 863 344 coriacei
881 332 891 347 ‚
915 305 1023 361 quod
1040 307 1146 346 cerni
1170 303 1299 360 potest
1324 306 1364 345 in
1390 304 1526 346 eadem
1546 302 1609 362 fig.
1629 307 1676 347 A.

232 356 300 399 sub
329 357 464 398 littera
497 374 546 398 a.
583 358 631 398 Et
663 358 741 400 hoc
767 360 822 400 Os
853 360 1063 402 foliaceum
1091 364 1145 403 ita
1175 362 1341 402 dilatant
1370 363 1590 408 interdum,
1618 365 1678 404 uti

228 415 270 453 ὃς
297 414 467 456 dilatant
492 417 549 456 Os
586 415 910 470 cartilagineum‚
946 429 989 458 ut
1019 419 1214 473 deglutire
1242 416 1386 474 pofflnt
1415 432 1494 458 non
1523 429 1678 460 tantum

228 471 465 513 Buccinulos
497 470 648 513 nostros
681 474 811 515 olivae
834 474 1015 515 nucleum
1047 477 1312 521 aemulantes,
1343 473 1404 516 sed
1418 474 1590 516 Tellinas
1619 477 1679 531 ip-

224 527 278 570 sas
308 529 404 570 latas
437 528 524 570 satis
541 529 711 584 grandes
727 561 738 576 ‚
769 532 1102 584 quemadmodum
1132 532 1334 575 observavi
1349 534 1389 572 in
1404 532 1539 573 multis
1555 560 1565 575 ‚
1583 545 1678 586 quas

225 587 332 642 apud
360 600 421 627 me
448 584 612 627 adservo
631 613 640 623 ·
675 586 840 628 Inceffus
867 599 1000 629 tamen
1018 589 1226 630 Stellarum
1255 604 1336 629 non
1366 588 1420 630 est
1446 591 1572 630 rectus
1590 617 1600 632 ‚
1631 598 1676 629 ut

223 643 289 684 ille
319 643 558 684 Echinorum
583 673 594 689 ,
624 641 685 684 sed
719 643 938 685 incedendo
969 660 1133 686 curvam
1163 644 1387 687 describunt
1414 646 1672 690 circularem,

222 710 290 741 aut
320 699 591 755 cycloideam.
625 701 678 740 Vt
706 701 894 742 incedant
924 701 1024 758 ipsae
1041 717 1198 757 quoque
1224 703 1402 757 indigent
1418 731 1429 747 ,
1456 714 1501 743 ut
1517 703 1556 742 in
1571 716 1673 757 aqua

221 756 297 798 sint
323 755 521 797 immersae
539 785 550 800 ‚
581 758 684 797 &ut
699 755 822 798 solum
850 757 1020 800 habeant
1049 758 1251 800 arenosum
1268 790 1277 805 ,
1311 771 1356 800 ut
1371 774 1447 815 ego
1466 758 1673 801 observavi

220 816 262 856 in
290 816 429 856 catinis
448 843 459 858 ,
490 812 661 856 &discis
690 828 792 868 aqua
822 813 972 856 refertis
991 846 1001 862 ,
1031 817 1099 857 ubi
1114 829 1227 858 erant
1243 816 1385 857 Stellae
1402 844 1414 860 ‚
1444 818 1670 871 inquorum

219 871 345 913 fundo
375 870 521 914 neceffe
550 882 662 917 erat,
692 880 737 911 ut
767 886 884 913 arena
900 871 1069 919 adeffet,
1099 885 1144 914 ut
1160 874 1388 915 incederent
1413 905 1421 912 .
1453 874 1490 913 Si
1515 872 1673 929 supinae

219 928 471 970 collocentur
502 931 541 969 in
555 930 685 970 Arena
708 957 719 972 ‚
737 929 855 969 radiis
887 928 957 970 suis
990 930 1199 971 incurvant
1230 928 1310 970 sese
1328 957 1338 972 ‚
1372 931 1416 970 δε
1445 929 1522 970 alte
1551 930 1673 970 attol-

218 985 354 1027 luntur
375 1017 385 1033 ,
412 997 459 1026 ut
476 987 515 1026 in
546 1000 717 1041 pronam
746 997 912 1040 'partem
944 987 1207 1028 obvertantur
1224 1017 1235 1033 ,
1266 988 1324 1027 uti
1351 987 1571 1027 obvertunt
1599 982 1673 1028 sese

218 1042 384 1087 Echini,
415 1054 460 1083 ut
475 1044 558 1084 dixi
574 1072 582 1080 .
616 1044 652 1082 Si
668 1040 814 1083 diutius
834 1045 874 1084 in
892 1044 1032 1084 catinis
1064 1041 1261 1086 serventur
1291 1043 1423 1084 taedio
1441 1044 1546 1084 vitae
1572 1056 1674 1099 quo-

219 1099 438 1142 dammodo
455 1111 612 1142 tantum
634 1101 845 1141 incurvant
863 1099 897 1140 se
915 1101 952 1141 se
970 1131 979 1145 ‚
996 1111 1040 1140 ut
1056 1102 1186 1155 apices
1202 1115 1340 1142 eorum
1366 1100 1570 1141 radiorum
1599 1097 1674 1141 dis-

219 1170 408 1213 rumpant
426 1185 436 1200 ,
467 1159 510 1198 <Sc
540 1159 596 1197 ita
633 1156 843 1211 paullatim
869 1157 1155 1202 diffolvantur‚
1186 1169 1231 1198 ut
1255 1170 1446 1213 pereant·
1478 1158 1524 1197 In
1556 1167 1672 1210 parte

218 1229 355 1257 earum
384 1213 515 1256 aversa
532 1242 542 1258 ‚
574 1228 675 1267 quae
693 1212 848 1253 constat
864 1214 1094 1255 membrana
1115 1244 1125 1259 ‚
1147 1214 1209 1254 seu
1225 1226 1318 1254 cute
1346 1212 1474 1256 densa,
1491 1212 1545 1253 est
1557 1214 1668 1254 Anus

220 1273 328 1313 circa
352 1283 561 1315 centrum,
593 1272 694 1311 &in
727 1280 840 1326 parte
869 1270 1051 1314 laterali,
1078 1270 1280 1324 quaelibet
1305 1270 1444 1310 harum
1460 1270 1670 1310 Stellarum

218 1328 442 1385 vulgatium
462 1356 473 1372 ,
505 1327 624 1369 uti&
643 1326 734 1367 illae
768 1327 887 1368 radiis
917 1327 1164 1382 longioribus
1182 1358 1191 1371 ‚
1217 1340 1318 1381 quae
1341 1325 1566 1380 vulgaribus
1583 1323 1671 1367 sunt

219 1400 459 1443 congeneres
478 1416 490 1432 ,
506 1385 756 1427 Cerebritem
783 1384 999 1438 quamdam
1016 1382 1211 1439 lapideam
1229 1411 1239 1426 ‚
1271 1382 1333 1424 seu
1366 1382 1573 1423 testaceam
1602 1397 1671 1438 ge-

218 1456 337 1490 runt,
365 1456 464 1498 quae
498 1443 613 1484 cerni
642 1438 772 1496 potest
800 1442 842 1481 in
869 1440 932 1497 fig.
961 1441 1001 1480 B·
1029 1439 1165 1481 eadem
1194 1438 1448 1480 Tabula.sub
1471 1440 1604 1481 littera
1632 1441 1665 1482 b-

218 1501 262 1541 &
277 1499 342 1554 fig.
358 1501 406 1541 C.
422 1514 521 1556 quae
536 1501 657 1541 Lente
672 1500 799 1539 vitrea
816 1501 932 1540 aucsta
948 1497 1024 1539 suit
1041 1529 1050 1537 .
1084 1498 1192 1538 Haec
1209 1498 1431 1538 Cerebrites
1447 1496 1526 1538 alte
1545 1494 1666 1538 infixa

220 1556 274 1600 est
288 1559 330 1598 in
346 1559 460 1598 corio
476 1556 637 1602 Stellae,
657 1565 702 1596 ut
716 1566 902 1596 cernatur
917 1555 1039 1596 etiam
1059 1556 1098 1595 in
1114 1564 1226 1610 parte
1249 1556 1402 1594 interna
1418 1552 1531 1606 hujus
1555 1555 1665 1594 corii.

218 1613 311 1656 Vsus
337 1614 452 1669 hujus
477 1614 693 1656 Cerebritis
724 1613 897 1652 incertus
913 1609 994 1655 est,
1025 1613 1086 1651 uti
1108 1614 1278 1653 incertus
1301 1609 1354 1650 est
1382 1608 1466 1650 usus
1493 1611 1665 1652 duorum

217 1672 424 1727 lapidum,
456 1674 524 1727 qui
551 1671 802 1725 reperiuntur
831 1669 932 1709 intra
956 1668 1148 1709 Granium
1185 1668 1570 1724 quamplurimorum
1600 1669 1667 1708 Pi-

219 1729 345 1772 scium
362 1730 412 1770 ad
427 1727 549 1771 bafim
565 1756 576 1772 ,
599 1728 644 1769 &
660 1723 887 1781 praesertim
914 1726 952 1765 in
969 1726 1014 1765 iis
1031 1756 1042 1772 ‚
1058 1727 1127 1781 qui
1144 1723 1422 1781 squammigeri
1438 1722 1525 1764 sunt
1541 1754 1552 1768 ,
1571 1738 1664 1765 nam

218 1785 343 1842 pisces
375 1787 549 1828 coriacei
580 1784 814 1840 plerumque
831 1796 967 1823 carent
996 1781 1218 1835 hujusmodi
1246 1782 1443 1837 lapidibus
1460 1810 1472 1826 ‚
1503 1781 1552 1822 de
1581 1783 1666 1836 qui-

219 1846 290 1885 bus
306 1843 502 1887 Tabulam
535 1843 647 1883 dedit
676 1839 910 1880 Theodorus
943 1838 1119 1878 Kleinius
1150 1836 1382 1879 Gedanenfis
1404 1837 1569 1877 Amicus
1594 1851 1665 1879 no-

218 1900 291 1942 ster
309 1929 318 1938 .
348 1899 516 1942 Fortasse
532 1898 754 1939 Cerebrites
773 1897 814 1935 in
830 1894 954 1936 Stellis
977 1893 1052 1934 istis
1077 1893 1194 1937 servit
1217 1894 1267 1935 ad
1296 1894 1432 1935 melius
1457 1891 1659 1948 perficien-

219 1958 311 1998 dam
342 1958 638 1998 triturationem
664 1954 849 1994 ciborum
866 1953 1058 1993 durorum
1077 1982 1088 1998 ,
1103 1953 1242 2006 quibus
1259 1951 1397 1993 Stellae
1426 1948 1579 1991 nostrae
1593 1965 1657 1992 ve-

216 2013 370 2054 scuntur
387 2030 398 2060 3
415 2016 458 2055 ὃς
474 2010 629 2054 fortaffe
644 2010 793 2066 lapides
814 2012 851 2050 in
868 2010 999 2066 capite
1015 2006 1183 2050 Piscium
1206 2010 1399 2064 gravitate
1415 2007 1478 2048 sua
1494 2005 1656 2052 faciunt,

217 2085 265 2112 ne
295 2070 446 2113 facilius
476 2079 679 2124 emergant
695 2064 818 2109 Pisces
847 2067 898 2108 ab
928 2080 1053 2122 aqua,
1085 2065 1295 2108 &facilius
1325 2067 1468 2107 ineam
1498 2065 1657 2106 immer-

218 2138 361 2184 gantur
381 2154 389 2166 ·

777 2275 1092 2346 *twa-*t-

1527 2527 1658 2557 cAPv’r
