1814 2902
197 957 208 964 ,
256 953 263 958 f
357 914 377 930 ‘⁵
414 910 420 950 ἰ
467 914 647 959 Nvisenti
664 916 762 959 mihi
779 910 1055 971 saepenumero
1074 909 1333 968 superioribus
1365 910 1471 952 annis
1489 924 1594 952 mare

191 982 221 1016 '2
312 982 322 1008 ’Ἰ
374 957 446 1015 <2
484 986 716 1030 portumque
737 975 906 1015 Arimini
923 1003 933 1018 ‚
961 984 1006 1014 ut
1022 972 1126 1012 statis
1154 970 1397 1024 temporibus
1423 971 1596 1010 rationes

241 1019 246 1032 s
316 1056 333 1071 a
370 1013 423 1084 ff„
481 1031 615 1073 Aestus
633 1033 772 1072 marini
789 1028 1063 1084 cognoscerem
1083 1057 1092 1072 ‚
1110 1031 1153 1069 ὃς
1167 1041 1257 1068 cum
1272 1026 1368 1067 Solis
1386 1028 1598 1079 Lunaeque

177 1102 191 1117 Ν
249 1079 259 1104 ⁸
285 1123 287 1125 .
412 1100 423 1125 ›⁸ss
479 1090 650 1130 motibus
665 1099 946 1142 componerem
964 1116 973 1130 ‚
1002 1098 1120 1142 atque
1139 1082 1328 1125 subcisivis
1346 1083 1452 1123 horis
1470 1093 1599 1122 totam

152 1158 262 1185 oram
282 1150 521 1188 maritimam
542 1144 788 1200 perlustranti
818 1143 1053 1198 frequenter,
1079 1153 1123 1183 ut
1152 1141 1310 1182 laxandi
1333 1141 1452 1180 animi
1470 1140 1599 1194 gratia

154 1200 339 1242 Conchas
356 1205 479 1243 varias
497 1200 789 1255 Vmbilicosque
806 1203 976 1242 marinos
993 1197 1288 1253 contemplarer
1304 1226 1314 1242 ‚
1339 1195 1571 1250 colligerem
1587 1226 1599 1242 ,

153 1271 360 1313 meumque
376 1262 414 1299 in
431 1257 674 1301 Musaeolum
691 1257 931 1313 asportarern
949 1285 959 1301 ‚
989 1257 1136 1298 accidit
1154 1255 1239 1296 sane
1256 1267 1301 1295 ut
1318 1256 1485 1307 majores
1503 1267 1600 1308 pro-

153 1315 293 1369 gressus
310 1313 412 1357 hisce
429 1318 468 1356 in
485 1313 596 1356 rebus
616 1314 781 1355 facerem
799 1343 808 1357 ‚
841 1327 933 1368 quas
961 1311 1131 1355 secundo
1149 1313 1240 1353 loco
1257 1340 1268 1357 ,
1297 1313 1341 1352 &
1372 1311 1600 1352 obleetandi

157 1382 313 1411 tantum
329 1373 449 1412 animi
466 1371 591 1412 cauffa
622 1369 905 1424 conquisieram
921 1396 932 1416 ,
959 1385 1078 1425 quam
1094 1384 1138 1410 ea
1157 1370 1196 1408 in
1212 1383 1252 1409 re
1269 1396 1280 1412 ‚
1312 1381 1428 1423 quam
1442 1368 1574 1422 primo
1586 1396 1597 1411 ‚

154 1425 276 1481 longa
294 1427 552 1469 meditatione
570 1458 579 1472 ,
595 1427 720 1468 studio
737 1454 748 1469 ,
766 1428 899 1467 labore
911 1455 923 1473 ‚
958 1439 1077 1481 atque
1094 1425 1297 1467 interdum
1329 1425 1526 1480 perpetuis
1543 1428 1600 1465 vi-

155 1482 257 1536 giliis
286 1484 352 1524 diu
382 1486 580 1538 nocstuque
606 1497 874 1524 concoxeram
903 1511 912 1522 .
942 1484 1030 1523 Nec
1062 1485 1205 1523 mirum
1224 1481 1434 1538 'profesto;
1460 1480 1598 1522 Aestus

155 1542 260 1579 enim
280 1542 494 1592 maritimus
512 1571 521 1586 ‚
538 1553 703 1596 propter
720 1542 936 1581 innumeras
967 1555 1012 1581 ac
1029 1537 1137 1580 fimul
1156 1552 1254 1595 pene
1270 1539 1444 1580 dixerim
1462 1539 1599 1579 incon-

157 1594 396 1638 stantifflmas
415 1612 543 1639 rerum
560 1596 702 1638 cauffas
720 1595 829 1638 torsit
843 1595 990 1652 semper
1007 1624 1017 1639 ‚
1038 1611 1085 1637 ac
1101 1597 1307 1651 torquebit
1324 1624 1334 1642 ,
1368 1606 1412 1635 ut
1428 1597 1575 1651 opinor
1590 1625 1601 1640 ‚

156 1651 484 1709 philosophorum
503 1655 708 1695 hominum
728 1656 893 1709 ingenia.
911 1651 1047 1709 Qare
1065 1655 1196 1709 primo
1213 1655 1256 1694 ὃς
1273 1652 1508 1694 luculentius
1525 1653 1599 1693 hil—

155 1724 201 1749 ce
229 1715 277 1750 de
295 1712 406 1752 rebus
424 1726 537 1765 agam
556 1724 565 1754 ;
592 1710 731 1751 deinde
747 1708 851 1766 quasi
868 1711 1093 1767 appendicis
1112 1710 1204 1752 loco
1223 1710 1382 1751 Aestum
1402 1712 1599 1751 marinum

155 1778 353 1821 exponam
370 1796 376 1802 .
412 1769 457 1806 Id
476 1768 582 1808 videt
597 1767 757 1820 quisque
789 1769 865 1808 hoc
880 1766 1073 1823 postulare
1089 1775 1133 1808 ut
1151 1766 1293 1808 faciam
1311 1796 1322 1811 ,
1355 1778 1437 1808 turn
1468 1781 1601 1808 rerum

155 1823 509 1876 pulcherrimarum
542 1826 700 1877 copiam
718 1852 730 1869 ,
755 1836 877 1878 quum
907 1824 1108 1878 praeclara
1124 1838 1284 1864 inventa
1301 1852 1309 1860 .
1344 1824 1522 1878 Dignitas
1547 1823 1601 1865 sa-

155 1893 204 1919 ne
221 1877 408 1933 poscebat
425 1910 435 1926 ,
463 1891 504 1920 ut
532 1879 581 1921 de
613 1879 684 1920 illo
713 1882 820 1934 prius
851 1889 1035 1934 agerem;
1066 1890 1107 1920 at
1124 1879 1223 1920 vicit
1240 1882 1296 1921 rei
1312 1882 1465 1921 ubertas
1482 1894 1601 1934 atque

156 1938 293 1976 raritas
316 1965 323 1972 .
357 1938 611 1992 Quamquam
628 1935 670 1976 ὃ(
690 1934 753 1978 sua
784 1937 978 1992 dignitate
1007 1949 1086 1978 non
1118 1949 1255 1978 carent
1285 1938 1458 1978 marinae
1490 1940 1598 1978 Con-

160 1993 256 2034 chae
274 2022 283 2036 ‚
314 2008 435 2047 quum
470 1995 511 2034 &
530 1994 781 2047 elegantia&
799 1993 1008 2049 praestanti
1034 1992 1102 2035 usu
1133 1996 1172 2034 in
1203 1993 1257 2034 sui
1289 1995 1596 2035 admirationem

156 2047 324 2089 summos
357 2053 460 2091 viros
480 2046 628 2104 semper
658 2051 701 2090 &
724 2051 871 2105 ‘ubique
898 2053 1090 2092 traxerint
1107 2083 1116 2098 ‚
1140 2064 1185 2092 ut
1218 2050 1309 2092 teste
1338 2051 1473 2093 Tullio
1506 2053 1601 2093 Lae-

161 2104 230 2145 lius
250 2105 324 2162 ipse
339 2109 381 2147 &
399 2108 532 2161 Scipio
549 2135 558 2150 ‚
593 2110 781 2161 praeclari
800 2108 856 2148 illi
874 2109 953 2150 duo
971 2109 1176 2150 Romanae
1195 2109 1437 2163 reipublicae
1468 2107 1598 2166 Impe-

161 2174 320 2208 ratores,
338 2164 385 2204 ad
408 2166 620 2206 Lucrinum
637 2166 679 2204 &
695 2167 875 2218 Cajetam
901 2166 1098 2206 relaxandi
1116 2168 1237 2207 animi
1256 2168 1386 2221 gratia
1411 2168 1595 2207 Conchas

160 2220 203 2259 &
219 2220 431 2262 Vmbilicos
448 2221 575 2277 legere
590 2221 870 2264 constievilsent
886 2251 894 2263 .
927 2224 1163 2277 Qinimmo
1183 2233 1328 2265 veteres
1350 2221 1595 2278 Philosophi,

163 2276 469 2334 excellenteique
500 2292 660 2320 naturae
675 2278 910 2322 scrutatores
945 2279 1171 2321 Aristoteles
1191 2310 1199 2322 ‚
1231 2279 1455 2322 Athenaeus
1474 2312 1484 2326 ‚
1516 2283 1597 2322 Ae-

163 2331 287 2372 lianus
306 2366 315 2378 ,
343 2334 516 2378 Plinius‘,
543 2337 743 2378 Cardanns
762 2367 771 2381 ‚
802 2338 1058 2379 Rindeletius
1074 2369 1084 2384 ,
1116 2337 1315 2379 Salvianus
1333 2366 1341 2381 ,
1380 2339 1600 2385 Columna,

164 2386 306 2443 aliique
324 2391 459 2446 longas
475 2396 736 2435 enarrationes
770 2396 817 2436 de
848 2396 904 2435 his
936 2396 1047 2436 rebus
1079 2395 1318 2450 reliquerunt
1335 2427 1342 2435 .
1374 2397 1511 2451 Neque
1530 2412 1602 2437 no-

164 2446 248 2488 stris
264 2451 504 2505 temporibus
520 2450 656 2493 harum
688 2467 818 2494 rerum
849 2451 1045 2494 deferbuit
1074 2452 1241 2495 studium
1258 2468 1268 2499 ;
1299 2454 1422 2494 immo
1453 2456 1598 2493 mirum

903 2513 942 2552 A
974 2525 998 2553 2
1459 2513 1500 2551 in
1517 2525 1603 2551 mo-
