1814 2902
455 232 825 273 APPENDI'X
867 232 1229 274 SECVNDA.
1488 249 1564 289 103

121 315 275 363 fortaffe
293 322 394 363 idem
413 320 465 362 est
497 335 542 362 ac
560 320 770 362 secundum
785 352 796 367 ,
817 319 954 361 colore
980 330 1141 363 tantum
1169 319 1302 363 differt
1318 350 1331 366 ,
1356 335 1474 376 quem
1504 326 1564 364 ni-

119 393 235 434 grum
261 378 331 420 effe
363 380 445 421 ait,
475 379 518 418 &
534 378 709 419 nostrum
740 379 789 420 ad
818 374 1050 419 flavedinem
1069 378 1249 422 accedit,
1284 377 1345 418 sed
1362 380 1473 433 niger
1499 381 1564 422 ille

117 435 234 476 color
250 436 299 476 ab
313 437 389 476 alia
403 435 574 491 quadam
605 450 647 475 re
676 434 752 476 fuit
783 432 953 475 adscitus
970 461 977 469 ·
1009 435 1226 476 Ginannius
1245 446 1322 477 tres
1339 434 1480 488 species
1497 438 1565 479 Fa-

115 494 268 548 vaginis
302 494 455 549 pingit,
479 490 543 532 sed
574 494 701 546 prima
731 503 839 533 certe
860 490 1139 533 confundenda
1164 489 1217 532 est
1244 505 1335 533 cum
1366 490 1531 535 secunda
1548 524 1557 538 ‚

114 549 159 589 &
176 563 294 603 quam
315 551 432 603 ponit
457 550 577 590 tertio
608 548 699 589 loco
718 563 799 590 non
827 547 880 589 est
901 549 1056 602 Favago
1075 578 1088 592 ‚
1112 546 1176 590 sed
1209 547 1328 591 Fucus
1359 552 1529 590 marinus
1547 582 1557 597 ‚

112 604 176 647 vel
195 606 375 660 Qercus
409 607 605 646 maritima
620 605 815 647 Vesiculas
830 604 974 645 habens
991 608 1037 646 C·
1056 606 1096 646 B·
1114 605 1198 647 Pin.
1215 611 1308 657 365·
1321 634 1335 650 ι
1349 607 1392 647 δε
1410 607 1559 649 Virsoi-

111 662 177 704 des
193 663 357 704 Donato
371 663 469 705 Tab·
487 664 557 703 111.
569 692 578 706 ,
597 664 640 703 &
657 663 752 704 haec
767 663 815 702 ad
833 662 988 702 Plantas
1003 663 1172 703 marinas
1189 661 1243 702 est
1255 661 1458 706 referenda
1472 696 1484 712 ,
1514 668 1559 707 δε

111 734 192 760 non
210 720 259 760 ad
273 720 507 775 Favaginem
527 749 537 763 ‚
554 734 653 774 quae
667 722 715 761 ad
734 720 845 760 nidos
859 718 1116 760 Concharum
1130 750 1141 765 ‚
1162 719 1205 760 &
1222 720 1491 763 Cochlearum
1505 722 1559 763 est

109 776 302 817 destinata
318 804 329 820 ,
360 791 458 830 quae
475 789 698 832 praeterea,
714 775 739 817 fi
756 777 1031 819 comburatur,
1045 776 1226 818 eumdem
1243 776 1408 819 odorem
1425 778 1558 834 spirat,

107 846 225 886 quam
244 835 392 873 Cancri
409 861 418 876 ‚
438 833 628 874 Locustae
644 864 654 877 ‚
670 834 872 888 ceterique
887 831 1075 873 crustacei
1102 832 1296 875 combusti
1325 833 1475 888 spirant
1492 869 1500 877 .

121 919 1560 957 ωωωψψωψωωψωώωωωψω-

507 1000 953 1062 CAPVT
1052 1001 1132 1058 X.

440 1100 824 1144 AMYGDALA
885 1101 1197 1141 MARINA.

108 1206 140 1259 1·
165 1207 269 1296 H
287 1210 381 1263 Vjus
403 1206 537 1249 Testae
552 1207 869 1264 Descriptionem
901 1207 1072 1261 aliquam
1089 1206 1267 1249 dedimus
1295 1209 1336 1249 in
1360 1207 1550 1263 superiori

299 1266 421 1307 Libro
436 1266 484 1306 de
500 1265 674 1307 Conchis
693 1280 781 1320 pag·
797 1279 862 1307 22·
880 1266 923 1304 ὃς
937 1277 995 1315 23.
1015 1292 1024 1307 ‚
1042 1278 1160 1319 quam
1178 1265 1350 1307 diximus
1367 1281 1389 1306 a
1407 1267 1549 1309 Zinan..

98 1324 169 1363 nio
183 1324 355 1365 vocitari
372 1321 640 1377 sanguisugam
656 1324 850 1362 marinam
865 1353 876 1368 ,
901 1321 1008 1374 quod
1025 1336 1110 1361 eam
1127 1323 1321 1364 invenerit
1338 1322 1550 1366 adhaeren-

98 1389 181 1421 tem
197 1380 385 1435 Favagini
405 1379 577 1418 marinae
593 1378 813 1420 Aristotelis
831 1406 842 1422 ,
873 1391 921 1418 ex
939 1392 1015 1433 qua
1033 1378 1264 1420 alimentum
1297 1377 1430 1437 firgere
1447 1383 1550 1423 arbi-

98 1437 281 1479 trabatur
298 1463 309 1479 ‚
324 1433 387 1476 sed
409 1435 632 1477 uberiorem
649 1434 971 1490 Descriptionem
988 1434 1075 1475 heic
1093 1435 1229 1477 damus
1246 1451 1339 1477 cum
1359 1440 1440 1492 ejus
1458 1453 1548 1481 ana-

99 1504 208 1535 tome
223 1522 234 1537 ,
266 1493 311 1533 ὅ(
333 1488 468 1548 figuris
487 1520 495 1528 -
527 1491 692 1540 Concha
708 1492 806 1533 haec
823 1519 835 1536 ‚
866 1503 911 1532 ut
928 1493 972 1532 &
989 1491 1056 1532 illa
1073 1522 1083 1536 ,
1114 1507 1213 1547 quae
1230 1495 1328 1536 Nux
1359 1493 1420 1534 seu
1435 1495 1545 1550 Juju-

99 1551 151 1591 ba
175 1553 327 1591 marina
355 1564 379 1590 a
402 1546 539 1590 nostris
559 1549 762 1590 vocitatur
779 1578 790 1595 ,
814 1563 896 1589 non
911 1546 964 1588 est
978 1548 1135 1590 bivalva
1152 1580 1163 1595 ,
1184 1559 1228 1590 ut
1243 1549 1364 1605 aliqui
1383 1563 1545 1594 conten-

99 1606 199 1647 dunt
213 1605 398 1647 Conchas
417 1604 687 1660 Cochleasque
716 1620 850 1647 omnes
889 1606 1058 1646 marinas
1084 1605 1156 1648 effe
1187 1606 1306 1647 tales·
1340 1604 1542 1651 Cochleae

98 1665 225 1710 enim,
251 1663 506 1704 &Turbines
538 1676 674 1702 omnes
691 1661 900 1718 Operculo
931 1662 1104 1716 quodam
1140 1663 1380 1706 clauduntur
1397 1696 1406 1711 ‚
1433 1669 1538 1723 quod

98 1734 235 1762 eorum
261 1718 314 1760 est
330 1717 455 1760 veluti
471 1717 595 1760 altera
613 1719 729 1759 valva
746 1747 754 1754 .
788 1717 859 1759 Sed
878 1718 1045 1760 Concha
1078 1719 1173 1760 haec
1189 1722 1460 1776 Amygdalam
1483 1739 1542 1766 re-

97 1776 223 1819 ferens
240 1807 250 1822 ,
282 1777 326 1816 &
341 1777 438 1816 Nux
455 1772 523 1830 ipfi
541 1772 664 1816 affinis
679 1775 836 1816 valvam
853 1774 1017 1815 alteram
1035 1790 1119 1815 non*
1132 1777 1279 1822 habent
1296 1807 1303 1814 .
1324 1780 1422 1820 Sunt
1437 1783 1541 1823 enim

97 1832 224 1873 multo
241 1837 408 1886 majores
423 1863 433 1877 ‚
461 1846 581 1887 quam
599 1842 645 1872 ut
658 1831 774 1873 valva
803 1831 938 1886 aliqua
954 1862 966 1877 ,
998 1841 1099 1887 quae
1123 1831 1210 1888 ipfis
1226 1837 1391 1878 omnino
1408 1838 1536 1883 deest,

93 1889 223 1929 claudi
251 1887 421 1945 poffint,
451 1894 512 1928 uti
542 1902 701 1930 cernere
730 1887 784 1928 est
813 1887 994 1929 Tab.x1.
1025 1885 1089 1945 fig.
1116 1892 1167 1930 D.
1199 1893 1286 1932 &E
1316 1921 1327 1936 ,
1359 1908 1458 1949 quae
1488 1896 1539 1937 ab

95 1958 415 1999 ungue.tantmu
444 1947 487 1986 in
516 1947 770 1989 extremitate
802 1946 1055 1996 ambi-mitum
1098 1961 1198 2004 quae
1230 1951 1368 2009 unguis
1403 1955 1541 1998 tantil-

96 2004 176 2042 lum
208 2002 413 2043 cochleata
443 1999 520 2044 est,
553 2012 598 2041 ut
624 2012 789 2057 apparet
817 2003 857 2040 in
886 1998 950 2055 fig.
968 2002 1017 2040 G.
1035 2003 1132 2043 &F-
1152 2032 1162 2047 ,
1192 2019 1290 2059 quae
1324 2019 1537 2051 tamenne-

96 2072 171 2113 que
197 2061 361 2099 omnino
389 2058 617 2099 inferiorem
646 2069 802 2114 partem
831 2059 1056 2099 Animantis
1072 2061 1241 2107 claudit,
1273 2077 1320 2103 ne
1334 2065 1426 2106 dum
1445 2081 1535 2122 par-

95 2127 175 2155 tem
202 2114 461 2171 superiorem,
478 2129 599 2169 vquae
615 2113 859 2171 sesquialtera
888 2126 1001 2171 parte
1030 2116 1086 2157 est
1104 2116 1253 2175 semper
1278 2122 1446 2162 nudata.
1478 2125 1534 2164 Os

94 2172 212 2214 habet
242 2175 284 2214 in
314 2174 565 2214 extremitate
595 2172 664 2214 illa
701 2173 890 2217 carnosa,
923 2173 966 2212 δε
995 2175 1036 2214 in
1065 2175 1198 2217 medio
1228 2178 1449 2220 Animantis
1480 2180 1534 2221 est

94 2229 332 2270 ventriculus
363 2230 486 2271 tribus
518 2227 687 2270 officulis
719 2229 954 2276 instructus,
997 2246 1098 2287 quae
1137 2235 1245 2274 cerni
1277 2235 1433 2290 possunt
1462 2236 1529 2279 sub

92 2286 251 2328 Litteris
266 2288 316 2328 H.
333 2288 363 2327 1.
395 2301 494 2342 quae
524 2285 731 2329 ard'ciffime
755 2287 915 2330 haerent
929 2291 1176 2331 membranae
1194 2319 1203 2334 ,
1236 2291 1297 2332 seu
1321 2294 1529 2339 Canalicu-

91 2341 134 2382 lo
163 2343 346 2385 circulari
376 2344 412 2384 H
452 2345 559 2386 Haec
592 2342 787 2390 officula,
819 2360 919 2402 quae
942 2345 1151 2388 areciffima
1169 2346 1283 2395 sunt,
1312 2362 1527 2397 cernuntur

90 2411 250 2441 exarata
283 2402 321 2442 in
352 2403 578 2450 membrana
622 2402 779 2445 diffedta
814 2404 858 2444 &
888 2402 1056 2460 expansa
1085 2403 1153 2447 sub
1182 2406 1334 2448 Littera
1363 2408 1392 2447 Ι.
1411 2439 1422 2455 ,
1468 2406 1527 2450 sed

89 2459 263 2512 primum
294 2459 429 2500 littera
456 2465 471 2500 i
500 2471 684 2501 notatum
716 2460 834 2502 refert
863 2461 1082 2504 Lucernam
1113 2459 1276 2505 fictilem
1307 2466 1495 2506 Veterum
1515 2494 1527 2510 ,

1413 2524 1525 2564 &re-
