1814 2902
487 212 856 254 APPENDIX
900 212 1253 277 SECVNDA.
1513 228 1583 265 109

453 407 921 472 CAPVT
1038 409 1286 468 XIX.

389 532 681 573 MENTVLA
726 531 974 571 MARINA
1020 545 1340 572 INFORMIS.

260 640 362 681 Vam
385 640 474 682 heic
490 639 712 681 Mentulam
735 640 927 679 marinam
942 637 1152 680 informem
1176 639 1271 680 dico
1282 670 1292 685 ,
1309 655 1331 680 a
1347 640 1478 682 Redio
1494 643 1583 684 Car-

273 702 376 738 numi
407 709 605 743 vocatur,
629 698 672 737 &
694 694 954 737 Piscatoribus
984 695 1119 736 nostris
1156 696 1342 752 spongiae
1371 698 1583 745 dicuntum

145 754 254 806 quod
283 752 453 795 diffecia
471 751 646 794 virosum·
667 754 831 794 odorem
848 780 859 796 ‚
890 750 951 793 seu
982 751 1244 807 pisculentum
1274 753 1436 798 referat,
1467 767 1510 797 ut
1528 772 1588 797 re*

142 808 272 850 ferunt
296 808 482 865 spongiae
513 820 684 851 recentes
703 837 711 845 -
756 810 906 850 Vocavi
942 809 1192 853 Mentulam‚
1223 811 1330 865 quod
1360 812 1586 866 analogiam

142 866 355 920 quamdam
379 867 520 908 habere
545 866 725 907 videatur
752 880 843 907 cum
875 866 1052 907 Mentula
1083 868 1212 921 prima
1236 870 1411 912 marina;
1442 871 1585 910 vocavi

139 935 344 976 praeterea
375 922 584 964 informem
606 951 616 966 ‚
647 924 755 977 quod
790 922 1018 978 plerumque
1061 923 1301 965 extrinsecus
1333 926 1439 966 nulla
1469 940 1588 980 pecu-

141 978 229 1019 liari
253 979 448 1022 structura
476 978 523 1021 fit
552 980 727 1023 donata,
772 978 835 1020 sed
864 980 1082 1021 Tuberibus
1111 980 1327 1022 extrinsece
1355 983 1587 1037 plerumque

141 1032 188 1076 fit
211 1034 340 1078 fimilis
371 1064 382 1081 ,
415 1038 528 1091 nigro
560 1037 694 1078 colore
725 1037 768 1076 &
806 1051 935 1078 coeno
978 1049 1023 1077 ut
1053 1037 1266 1093 plurimum
1296 1038 1584 1094 conspurcata-

138 1090 266 1147 Hujus
291 1097 347 1136 rei
368 1091 510 1151 figuras
536 1097 661 1137 varias
689 1095 729 1134 in
759 1093 912 1135 Tabula
929 1095 1016 1134 VII.
1049 1094 1185 1135 damus
1203 1124 1208 1128 .
1228 1096 1343 1147 Qae
1362 1095 1429 1137 sub
1459 1098 1586 1137 Litte-

137 1165 182 1192 ra
208 1152 247 1188 E·
276 1150 330 1191 est
357 1152 456 1193 duos
477 1152 598 1193 habet
626 1153 754 1207 apices
784 1153 867 1191 in‘e..
886 1166 913 1190 e.
933 1181 944 1197 ,
974 1152 1121 1206 quibus,
1141 1150 1259 1193 affixa
1277 1151 1365 1194 sunt
1386 1152 1490 1197 colla
1504 1153 1586 1194 duo

138 1205 254 1260 hujus
286 1208 491 1263 Zoophyti
522 1211 562 1248 in
592 1205 657 1263 fig.
675 1209 725 1247 A.
757 1206 905 1247 diffedti
937 1205 1005 1246 sub
1034 1207 1169 1248 litteris
1188 1210 1234 1248 C.
1253 1210 1299 1248 C.
1318 1239 1328 1254 ,
1357 1207 1418 1249 sed
1446 1210 1586 1265 Apices

137 1261 363 1317 hujusmodi
390 1263 579 1305 exstantes
626 1264 855 1319 plerumque
887 1261 1050 1303 desunt.
1082 1264 1222 1319 Figura
1246 1266 1294 1305 A.
1321 1265 1587 1321 repraesentat

143 1333 289 1375 corpus
320 1321 525 1375 Zoophyti
555 1320 760 1361 diffeetum
774 1347 786 1362 2
817 1322 933 1372 cujus
951 1332 1041 1373 pars
1061 1322 1110 1360 A.
1130 1319 1184 1361 est
1198 1332 1339 1362 cortex
1365 1324 1585 1368 coriaceus,

140 1377 209 1431 qui
241 1379 343 1418 intus
363 1375 423 1417 'est
447 1374 655 1417 albiffimus
671 1403 682 1418 ‚
703 1377 747 1416 &
778 1376 902 1416 veluti
925 1375 1125 1432 perlaceus
1142 1404 1153 1420 ,
1185 1378 1345 1433 quando
1369 1393 1504 1420 recens
1521 1378 1587 1424 est;

140 1434 174 1474 d.
194 1435 228 1474 d·
253 1432 341 1475 sunt
367 1434 582 1475 Tuberculi
611 1434 711 1475 varii
740 1434 781 1472 in
797 1434 948 1473 cortice
979 1431 1172 1475 exstantes
1188 1462 1201 1478 ,
1231 1436 1300 1489 qui
1335 1435 1482 1477 diffeeci
1507 1437 1586 1478 albi

141 1488 257 1532 sunt.
288 1493 329 1531 Β.
358 1489 412 1531 est
426 1490 730 1546 Pulpamentum
755 1489 961 1545 Zoophyti
978 1518 988 1533 ‚
1021 1491 1130 1544 quod
1163 1489 1405 1533 esculentum
1441 1492 1494 1533 est
1522 1495 1585 1534 Pi-

141 1550 358 1593 scatoribus
389 1546 547 1592 nostris,
575 1545 639 1588 sed
669 1547 816 1601 ingrati
855 1546 1001 1600 saporis
1019 1574 1030 1589 ,
1072 1546 1116 1586 &
1144 1545 1240 1587 mihi
1264 1549 1418 1604 ingrate
1449 1550 1582 1594 olens,

140 1610 184 1649 &
200 1604 402 1648 subacidus
420 1634 427 1643 .
458 1605 504 1642 C.
523 1606 570 1644 C.
586 1601 673 1643 sunt
687 1602 806 1643 Colla
821 1602 892 1643 Pul
898 1604 1075 1657 pamenti
1091 1631 1102 1647 ‚
1134 1617 1234 1658 quae
1249 1605 1433 1646 nucleum
1450 1619 1584 1660 quem—

144 1665 237 1706 dam
265 1661 415 1702 habent
436 1660 570 1715 punici
598 1659 744 1699 coloris
788 1660 839 1699 ad
867 1661 1058 1700 corticem
1107 1660 1237 1701 valide
1280 1661 1555 1704 adhaerentem
1573 1695 1585 1709 2

146 1722 215 1776 qui
241 1717 268 1760 fi
293 1719 474 1760 dematur
489 1743 500 1759 ‚
518 1715 821 1772 Pulpamentum
837 1714 967 1769 potest
983 1714 1135 1760 inflari,
1152 1718 1197 1758 &
1219 1728 1306 1759 tum
1319 1719 1586 1761 ventriculum

145 1778 362 1819 humanum
384 1772 502 1815 refert
518 1801 528 1816 ‚
552 1784 598 1813 ut
626 1773 757 1814 videre
773 1772 827 1813 est
844 1773 885 1812 in
902 1774 955 1816 Β.,
971 1774 1038 1814 ubi
1061 1771 1183 1814 fibrae
1201 1775 1330 1816 variae
1348 1787 1584 1822 cernuntur,

146 1833 208 1876 seu
229 1831 408 1873 lacertuli
431 1829 613 1870 rubentes
645 1827 818 1883 impenst:
834 1859 844 1874 ,
870 1830 928 1868 uti
953 1831 1068 1870 rubet
1097 1829 1328 1886 plerumque
1356 1832 1586 1889 Pulpamen<

148 1904 234 1932 tum
263 1885 507 1930 universum·
539 1887 587 1926 In
614 1884 679 1941 fig.
695 1886 747 1925 D.
773 1883 828 1927 est
841 1885 1145 1941 Pulpamentum
1168 1885 1369 1929 diffedtum
1387 1918 1398 1934 ‚
1417 1891 1457 1930 in
1472 1893 1583 1944 cujus

149 1959 288 1990 ventre
314 1943 534 1985 intestinula
555 1943 748 1997 quaedam
766 1940 983 1983 tenuiffima
1011 1956 1205 1999 apparent
1220 1971 1229 1980 .
1261 1944 1304 1984 E.
1321 1945 1363 1985 E.
1382 1944 1467 1987 sunt
1482 1947 1586 1991 colla

150 2005 264 2058 hujus
294 2001 570 2056 Pulpamenti-
601 1999 667 2039 Ad
680 1999 720 2039 F.
746 1997 800 2040 est
829 1998 1008 2039 Mentula
1028 2001 1204 2054 integra,
1235 2014 1335 2056 quae
1359 2003 1554 2045 radicibus
1572 2035 1584 2050 ,

152 2060 214 2102 seu
243 2057 405 2116 pedibus
442 2055 495 2098 est
533 2055 744 2099 instructa,
775 2053 838 2096 sed
866 2055 1098 2111 plerumque
1128 2055 1351 2111 hujusmodi
1379 2060 1586 2106 radicibus,

152 2120 197 2160 ὅ(
211 2119 312 2160 inter
326 2112 361 2157 se
375 2114 539 2157 haerent
554 2144 566 2160 ,
592 2124 639 2156 ut
658 2111 818 2155 Ostreae
833 2113 992 2155 haerere
1006 2110 1129 2157 solent
1144 2141 1153 2152 .

672 2362 817 2461 Μ
916 2362 1062 2461 304:

1453 2529 1583 2564 CAPvr
