1814 2902
515 227 797 286 minvs
856 223 1131 269 Notis
1517 232 1563 273 35

131 327 180 358 ut
204 315 269 358 ille
283 315 516 358 Rondeletii
537 347 545 356 .
589 313 731 356 Noster
742 314 851 355 enim
875 310 1024 366 semper
1057 310 1099 349 in
1116 320 1235 349 arena
1250 317 1378 361 prope
1392 301 1498 343 littus
1515 302 1573 365 vi-

132 385 219 414 tam
235 373 365 429 degit,
391 373 502 414 utab
517 373 631 413 undis
662 382 796 412 tamen
825 366 1010 409 abluatur
1027 395 1039 411 ,
1077 377 1170 404 nam
1201 361 1228 404 s1
1256 359 1324 401 diu
1350 358 1419 402 sub
1443 371 1568 399 arenis

135 431 177 470 in
191 427 294 470 sicco
324 439 481 472 maneat
496 459 507 475 ‚
532 439 581 469 ut
594 427 792 469 interdum
808 426 848 466 in
862 422 1010 477 magnis
1031 418 1243 463 refluxibus
1275 418 1392 458 maris
1406 415 1568 460 accidit,

141 489 334 528 continuo
347 488 518 526 moritur
532 517 541 526 .
571 484 760 526 Comedit
774 492 954 524 mortuos
970 476 1094 534 pisces
1113 504 1124 520 ,
1146 476 1193 516 ,δε
1210 474 1287 515 alia
1303 474 1573 537 inquinamen-

137 553 180 582 ta
196 543 243 584 ad
259 543 366 584 littus
381 543 519 583 relicta
535 571 544 586 ‚
576 554 695 596 quare
723 538 805 596 ‘ipse
833 549 879 579 ut
907 539 950 578 &
974 535 1097 576 Pulex
1121 533 1293 574 marinus
1326 557 1337 574 ,
1374 543 1442 584 qui
1466 528 1570 586 apud

139 613 210 638 nos
240 597 569 654 frequentissimus
584 597 638 640 est
650 629 660 643 ,
675 598 803 641 Littus
820 592 993 635 nostrum
1011 592 1061 633 ab
1074 591 1185 632 omni
1200 587 1311 630 sorde
1334 597 1573 641 expurgant,

140 670 262 710 quum
285 657 476 698 cadavera
507 656 642 697 omnia
669 667 749 708 qua
777 652 927 694 marina
943 681 954 696 ‚
979 662 1059 705 qua
1082 645 1276 689 terrestria
1302 642 1574 700 prodigialiter

139 723 286 753 vorent
300 743 312 759 ,
340 714 437 768 quin
452 713 496 752 &
510 711 650 754 stercus
674 708 787 753 simul
818 710 861 749 &
876 707 952 748 alia
969 706 1284 761 inquinamenta.
1320 702 1457 754 Qare
1473 703 1576 741 Can-

139 782 226 809 cros
239 769 389 810 nostros
406 797 417 812 ‚
448 769 653 809 &Pulices
670 766 758 808 illos
788 764 935 807 caussae
956 762 1030 805 effe
1057 761 1180 803 credo
1211 774 1283 800 cur
1313 773 1376 799 aer
1404 759 1575 798 marinus

140 826 273 871 nobis,
289 827 406 869 uti&
419 825 664 883 plerumque,
678 822 839 867 salubris
854 820 900 863 fit
916 852 926 868 ,
939 834 1063 878 vquum
1079 820 1133 861 ab
1149 818 1331 859 omnibus
1351 814 1579 870 graveolen-

140 881 246 924 ‚tibus
276 895 352 938 ope
381 881 524 922 horum
542 880 870 922 animalculorum
902 886 1145 934 expurgetur
1162 903 1170 911 -
1199 875 1353 914 Cancer
1370 871 1434 912 hic
1465 871 1578 926 clepi-

138 940 223 978 ctus
240 951 386 992 pronus
403 940 446 977 ὃς
461 936 616 992 supinus
632 951 711 978 mas
726 936 800 983 est,
826 935 1041 989 oblongior
1056 934 1161 975 enim
1178 929 1231 973 est
1246 959 1256 974 ‚
1283 929 1390 984 quod
1408 929 1447 969 in
1463 931 1575 969 omni

138 992 388 1037 Cancrorum
403 1009 544 1050 genere
570 994 799 1051 plerumque
817 992 965 1033 accidit
977 1025 991 1038 ,
1022 1002 1067 1031 ut
1082 1003 1206 1030 mares
1222 988 1473 1042 oblongiores
1501 984 1576 1027 sint

137 1063 259 1104 ,quam
276 1049 442 1092 feminae
458 1079 466 1087 .
492 1052 696 1093 Praeterea
724 1064 847 1091 mares
876 1051 918 1091 in
950 1057 1088 1088 ventre
1119 1046 1351 1100 operculum
1367 1074 1378 1089 ,
1406 1041 1467 1084 seu
1485 1055 1578 1084 cau-

140 1107 233 1147 dam
255 1107 540 1164 angustiorem,
569 1107 907 1164 &triangularem
936 1105 1110 1149 habent;
1137 1103 1302 1145 feminae
1333 1115 1430 1142 vero
1462 1099 1579 1141 latio-

141 1177 228 1207 rem
242 1195 255 1212 r‚
284 1166 331 1208 ,ὃζ
358 1165 634 1207 rotundiorem
651 1195 661 1210 ,
689 1163 758 1206 sub
774 1178 852 1219 qua
868 1177 945 1204 ova
961 1162 1141 1202 condunt
1158 1190 1169 1205 ,
1199 1160 1245 1199 ὃς
1261 1157 1409 1214 gestant
1424 1185 1432 1193 .

199 1221 251 1260 11.
283 1223 437 1262 Cancer
460 1222 597 1278 latipes
619 1235 762 1277 parvus
786 1219 901 1262 vellit
915 1219 1040 1260 aureis
1057 1248 1067 1264 ,
1083 1229 1130 1258 ut
1146 1216 1194 1257 de
1212 1218 1361 1268 majore
1375 1213 1506 1268 aliqua
1521 1214 1580 1255 di-

143 1290 300 1317 camus.
332 1278 461 1318 Minus
492 1290 634 1318 notum
664 1291 823 1333 quoque
853 1278 893 1318 in
921 1276 1028 1318 libris
1057 1273 1136 1329 ipse
1163 1272 1238 1317 est,
1265 1272 1359 1313 licet
1386 1271 1493 1326 apud
1510 1286 1580 1313 nos

143 1331 419 1389 vulgatissimus
448 1361 458 1377 ‚
490 1336 533 1375 &
553 1349 574 1374 a
589 1334 847 1389 piscatoribus
866 1331 1016 1389 semper
1037 1360 1048 1376 ‚
1077 1333 1120 1370 ὃς
1137 1344 1264 1387 prope
1281 1329 1390 1369 littus
1407 1329 1450 1368 ὅς
1468 1329 1507 1368 in
1523 1328 1581 1369 al-

143 1399 188 1431 to
202 1388 388 1432 immensa
402 1392 521 1447 copia
536 1393 715 1445 capiatur
733 1420 739 1427 .
769 1391 918 1445 Vulgus
948 1389 1156 1430 Macinette
1172 1397 1322 1429 vocant
1338 1413 1350 1429 ‚
1378 1382 1440 1425 sed
1471 1384 1580 1427 diffe-

145 1458 238 1488 runt
264 1449 313 1488 ab
329 1449 373 1489 iis
387 1475 399 1491 .
429 1461 529 1502 quae
539 1449 714 1490 Venetiis
732 1446 781 1488 sic
808 1448 995 1488 dicuntur
1017 1474 1026 1489 ‚
1061 1458 1183 1500 quum
1199 1443 1344 1483 Cancri
1367 1441 1425 1481 illi
1439 1444 1580 1483 Veneti

141 1501 191 1544 fic
209 1505 307 1545 dicsti
323 1506 464 1545 marini
479 1506 643 1547 omnino
668 1519 748 1544 non
763 1502 861 1547 fine,
892 1501 957 1544 sed
990 1501 1219 1555 stagnorum
1236 1528 1245 1543 ‚
1277 1498 1490 1541 lutulenti,
1522 1498 1580 1539 fu-

141 1558 221 1604 sci,
252 1561 418 1617 &quod
448 1572 569 1615 caput
599 1560 652 1602 est
675 1575 756 1601 non
786 1560 996 1615 latipedes.
1027 1557 1163 1600 Nostri
1184 1555 1272 1597 sunt
1286 1557 1395 1601 albi,
1424 1556 1468 1595 &
1497 1558 1578 1608 ejus

143 1618 421 1672 magnitudinis
437 1648 448 1663 ‚
478 1632 554 1672 qua
571 1618 750 1672 vulgares
767 1619 912 1657 Cancri
938 1616 1142 1658 fluviatiles
1177 1616 1357 1670 majores.
1373 1641 1383 1656 2
1413 1610 1477 1653 sed
1499 1626 1579 1653 non

145 1685 228 1714 tam
241 1673 386 1715 feroces
402 1702 412 1717 ,
437 1689 558 1730 quum
582 1675 753 1724 tenuiori
769 1673 894 1714 crusta
915 1673 1166 1714 obducantur
1183 1690 1192 1697 ·
1224 1671 1343 1712 Pedes
1373 1669 1431 1709 illi
1448 1680 1580 1711 extre-

145 1732 201 1770 mi
217 1757 228 1774 ‚
245 1745 342 1786 quos
358 1731 457 1772 latos
474 1731 621 1772 habent
636 1758 647 1774 ‚
662 1730 912 1771 rotundiores
937 1729 1022 1770 sunt
1039 1761 1049 1777 ‚
1064 1732 1107 1770 ὃ(
1125 1729 1389 1785 proportione
1407 1726 1510 1768 faeta
1526 1726 1581 1767 la-

146 1788 261 1828 tiores
289 1800 407 1840 quam
437 1789 479 1827 in
509 1787 722 1840 superiori.
755 1786 883 1828 Hosce
915 1788 1032 1841 pedes
1064 1787 1177 1827 datos
1207 1783 1278 1825 effe
1296 1799 1317 1824 a
1336 1786 1492 1825 Natura
1521 1783 1580 1823 his

147 1844 306 1884 Cancris
333 1857 423 1886 ,curn
438 1842 650 1885 Aristotele
680 1844 853 1884 arbitror
870 1874 881 1890 ‚
910 1854 956 1883 ut
972 1843 1020 1883 ad
1041 1842 1212 1882 nandum
1230 1839 1302 1881 fint
1319 1840 1432 1881 utiles
1449 1871 1458 1886 ‚
1477 1842 1518 1881 &
1535 1852 1581 1881 ut

148 1901 380 1954 pinnarum,
410 1901 472 1941 vel
498 1901 758 1958 palmularum
788 1903 874 1942 vice
896 1898 969 1940 sint
994 1915 1004 1944 ;
1034 1897 1244 1953 Ipsumque
1270 1900 1468 1937 Cancrum
1508 1897 1579 1938 esse

145 1956 359 2009 latipedem
389 1956 528 2002 illum,
558 1971 676 2011 quern
692 1955 892 2012 descripsit
926 1955 1155 1998 Aristoteles
1173 1984 1183 1998 ‚
1219 1956 1286 2009 qui
1302 1969 1423 2009 quum
1456 1955 1494 1993 in
1511 1969 1582 1994 no-

147 2012 224 2052 stro
242 2014 339 2053 mari
356 2043 366 2058 ,
396 2014 503 2068 quod
518 2014 659 2066 Jonico
671 2042 681 2057 ‚
697 2014 739 2053 &
753 2015 940 2054 Graeciae
958 2016 1055 2053 mari
1073 2010 1283 2053 finitimum
1300 2010 1374 2058 est,
1386 2024 1466 2051 tarn
1486 2025 1581 2064 pro-

149 2067 297 2123 digiose
313 2071 516 2124 capiatur,
547 2071 600 2110 nil
625 2072 769 2111 mirum
800 2068 826 2110 fi
855 2070 1081 2111 Aristoteles
1112 2068 1318 2110 immensos
1353 2070 1505 2124 ceperit
1537 2071 1581 2109 &

150 2124 230 2182 ipse
248 2154 257 2168 ,
290 2137 334 2166 ut
363 2125 436 2166 fert
451 2127 636 2168 Italicum
665 2128 850 2183 adagium
869 2157 879 2172 ‚
910 2128 1048 2181 quibus
1068 2126 1283 2168 universam
1306 2128 1386 2178 ejus
1405 2124 1583 2166 Philoso-

151 2183 285 2238 phiam
302 2181 537 2238 conspersit.
569 2185 735 2239 Propter
763 2184 1019 2241 frequentiam
1047 2185 1125 2226 vile
1146 2183 1199 2224 est
1227 2181 1431 2239 opsonium
1451 2213 1461 2227 ,
1483 2182 1580 2223 licet

154 2238 298 2293 saporis
323 2255 402 2281 non
427 2242 595 2295 ingrati.
623 2242 774 2285 Tamen
792 2243 971 2283 detracfto
985 2243 1105 2283 veteri
1123 2242 1271 2281 cortice
1302 2252 1422 2294 quum
1444 2239 1583 2280 molle-

154 2294 226 2335 scit
243 2310 345 2337 nova
379 2300 456 2351 ejus
490 2301 588 2338 cutis
620 2299 786 2340 divitum
817 2299 960 2340 mensas
990 2311 1082 2339 tunc
1112 2313 1190 2339 non
1221 2296 1405 2352 ignobilis
1436 2309 1555 2337 ornat
1575 2325 1583 2335 .

155 2352 351 2394 Mollescit
380 2355 535 2408 quidem
567 2356 630 2395 hic
647 2359 801 2398 Cancer
827 2356 888 2397 seu
917 2358 1112 2397 corticem
1136 2366 1290 2398 mutat,
1317 2353 1574 2408 quemadmo-

154 2410 246 2449 dum
266 2410 458 2452 mollescit
475 2410 646 2466 superior
664 2413 802 2469 latipes
820 2444 828 2458 ‚
848 2417 890 2455 ὅς
906 2415 970 2455 alii
988 2413 1234 2469 quamplures
1253 2440 1262 2455 ‚
1288 2412 1331 2451 ἃ
1351 2423 1444 2451 tunc
1462 2411 1581 2452 nostri

154 2467 328 2509 Cancros
358 2468 443 2509 illos
475 2470 627 2515 molleis
644 2471 833 2513 Malleccas
863 2483 1033 2518 vocant,
1054 2482 1170 2527 atque
1198 2474 1239 2510 in
1256 2469 1403 2510 deliciis
1421 2468 1578 2509 habent.

852 2532 878 2569 E
909 2544 933 2571 2
1517 2527 1583 2566 An
