1814 2902
415 219 1262 263 AESTVSMARITIMI
1482 198 1572 266 ἐι

110 321 181 373 git.
212 313 473 362 27.l.4-';-&
508 313 532 353 l.
552 325 586 364 ς.
619 313 801 369 pervenit
826 339 835 348 .
865 312 996 365 Major
1027 313 1126 353 item
1158 311 1330 353 altitudo
1362 312 1583 352 Barometri

111 375 284 428 contigit
315 371 394 412 hoc
424 384 530 411 anno
562 397 573 413 ,
620 383 700 423 quo
729 368 825 409 haec
865 368 1064 408 scribimus
1106 381 1467 409 croioccxxxvnr.
1498 369 1584 410 No-

109 434 167 473 nis
199 429 415 471 Februariis
447 458 456 471 .
488 441 588 481 quae
617 425 694 466 fuit
725 426 775 465 ad
804 426 916 479 digit.
939 431 1016 465 «28.
1036 424 1062 463 l.
1082 438 1104 473 9
1123 425 1151 472 ζ-
1170 426 1236 468 SW
1270 424 1391 466 flante
1419 427 1463 466 ὃς
1490 424 1584 468 sere-

113 504 165 529 no
194 486 318 528 Caelo
348 513 357 521 .
404 485 506 524 Item
545 498 580 522 a·
621 483 660 522 d.
701 495 802 522 xnr.
842 481 929 522 Cal.
970 482 1090 521 Mart·
1130 481 1244 534 hujus
1274 483 1368 522 anni
1397 496 1587 525 emmec-

114 557 304 586 xxxvrn.
339 542 389 583 ad
419 540 599 582 eamdem
636 537 890 580 altitudinem
931 536 1008 578 fuit
1036 567 1047 583 ,
1083 538 1142 579 ·ad
1174 553 1294 594 quam
1326 540 1485 593 quidem
1518 556 1588 596 per

110 598 334 644 universum
357 599 436 640 hoc
467 597 778 652 quinquennium
807 609 1024 650 numquam
1058 607 1293 651 pervenerat
1311 624 1320 632 -
1356 595 1494 653 Elapso
1509 600 1590 639 De-

111 659 264 701 cembri
301 658 394 697 anni
437 665 786 695 oloroccxxxvn.
823 667 856 693 a.
898 652 935 692 d.
973 665 1079 694 xvir.
1122 652 1207 693 Cal.
1249 654 1406 705 Januar·
1435 654 1588 695 Altitu-

114 717 170 759 do
202 715 422 755 Barometri
447 724 631 766 tempore
659 723 823 764 magnae
853 709 955 751 illius
987 711 1166 751 Aurorae
1184 710 1354 750 Borealis
1373 709 1449 750 fuit
1465 712 1515 752 ad
1531 711 1591 752 di-

117 775 226 830 gitos
251 777 316 814 28.
351 770 379 810 l.
397 786 434 818 7.
462 771 519 810 ita
549 769 598 810 ad
627 769 804 808 eamdem
829 766 1081 808 altitudinem
1115 766 1192 808 fere
1223 765 1380 808 steterat
1409 781 1480 822 per
1510 769 1592 810 dies

118 832 270 884 aliquot
287 839 381 868 ante
396 828 440 866 &
456 824 543 882 post
558 827 756 866 Auroram
774 823 880 865 illam
899 857 906 864 .

177 886 382 926 Notitiam
402 895 586 924 motuum
599 882 895 924 Thermometri
911 884 1188 938 praetermitto
1204 914 1215 930 ,
1245 898 1366 939 quum
1383 893 1505 927 antea.
1514 882 1597 925 usus

120 944 261 986 fuerim
288 941 604 981 Thermometris
636 939 871 981 Florentinis
888 968 898 983 ‚
923 942 967 981 &
990 941 1324 984 Amontonianis,
1350 955 1450 996 quae
1462 941 1599 982 multis

121 999 384 1042 incommodis
408 1000 451 1038 &
469 995 833 1044 difficultatibus‚ut
848 997 968 1038 docet
978 996 1454 1045 MuschenbroekiusJunt
1469 1000 1597 1040 obno-

120 1060 186 1099 xia
214 1061 293 1106 (a).
313 1054 474 1098 Addam
491 1064 624 1095 tamen
639 1085 648 1100 ,
664 1057 855 1108 majorem
873 1055 1042 1095 calorem
1060 1069 1134 1110 per
1156 1055 1234 1096 hoc
1252 1057 1565 1111 quinquennium
1577 1058 1593 1100 '2

120 1127 167 1156 ut
190 1128 267 1169 ego
296 1113 456 1167 quidem
475 1108 525 1152 'ex
544 1112 864 1153 antecedentibus
890 1115 1121 1165 conjectura
1136 1113 1262 1154 ducor
1278 1143 1288 1159 ‚
1313 1112 1423 1154 fuiffe
1439 1112 1518 1154 hoc
1535 1127 1600 1153 an·-

124 1187 180 1212 no
232 1181 599 1210 croloccxxxvnI.
652 1169 824 1220 Quintili
868 1171 912 1210 &
956 1170 1091 1210 Sextili
1136 1169 1267 1211 Mense
1301 1198 1312 1213 ‚
1367 1184 1457 1212 nam
1504 1179 1599 1211 tunc

124 1230 162 1270 H
165 1228 405 1283 ydrargyrus
422 1225 718 1267 Thermometri
731 1229 842 1279 juxta
856 1225 1089 1266 methodum
1108 1227 1196 1267 Islei
1212 1226 1429 1268 construdti
1449 1256 1460 1272 ,
1492 1226 1601 1282 quod

124 1284 224 1326 mihi
257 1285 366 1325 dono
391 1281 549 1324 miserat
566 1286 638 1326 Vir
652 1280 928 1324 Illustriffimus
958 1285 1159 1324 Antonius
1189 1284 1404 1338 Leprottus
1434 1284 1601 1326 Archia-

125 1352 186 1383 ter
203 1337 433 1382 Pontificius
453 1367 463 1382 ‚
476 1339 526 1379 ad
551 1339 805 1380 altitudinem
821 1341 996 1394 partium
1014 1347 1056 1393 83
1088 1355 1158 1396 per
1188 1342 1332 1395 plureis
1355 1342 1436 1382 dies
1465 1340 1573 1383 stetit
1592 1370 1600 1379 .

189 1397 420 1439 Declinatio
436 1397 632 1452 Magnetis
650 1396 703 1437 est
719 1398 787 1436 Gr·
805 1409 866 1448 13·
882 1396 959 1445 40'.
978 1398 1028 1438 ad
1043 1397 1108 1437 W.
1125 1409 1170 1438 ut
1186 1398 1310 1439 modo
1328 1397 1413 1454 ipso
1429 1398 1603 1441 brumali

129 1457 192 1497 die
217 1455 330 1508 hujus
362 1455 455 1494 anni
485 1466 853 1494 cmmccxxxvrn.
884 1469 962 1496 una
984 1470 1080 1510 ‘cum
1104 1455 1217 1496 Cella
1245 1469 1295 1497 ex
1324 1455 1502 1512 pluribus
1531 1457 1606 1514 Py-

128 1512 284 1555 xidibus
301 1512 482 1553 Nauticis
513 1511 553 1550 in
570 1512 790 1552 Meridiana
806 1512 928 1552 Linea
957 1512 1164 1553 collocatis
1193 1513 1456 1566 cognovimus
1473 1540 1483 1550 .

191 1570 405 1610 Vulturnus
436 1568 587 1608 Ventus
619 1596 629 1612 ‚
659 1565 722 1616 seu
747 1568 813 1607 SE·
842 1564 932 1610 tota'
945 1567 1102 1611 Aestate
1131 1569 1246 1610 nobis
1276 1568 1330 1610 est
1362 1582 1604 1626 perpetuus,

137 1626 199 1668 seu
226 1625 474 1682 periodicus,
506 1623 572 1664 nisi
599 1624 730 1678 aliqua
743 1625 924 1666 Procella
953 1624 1109 1681 surgat,
1139 1640 1238 1680 quae
1265 1625 1392 1681 ipsum
1416 1629 1610 1670 intertur-

135 1686 206 1725 bet
224 1711 233 1719 .
264 1682 375 1722 Flare
391 1682 533 1736 incipit
549 1682 657 1721 circa
668 1680 874 1732 Meridiem
890 1711 900 1727 ,
927 1683 970 1722 ὅ(
985 1681 1122 1724 definit
1136 1683 1361 1725 Occidente
1379 1685 1466 1725 Sole
1483 1713 1494 1728 ,
1511 1700 1610 1740 qua-

133 1754 174 1780 re
200 1737 358 1780 Aestate
375 1735 530 1792 singulis
546 1737 681 1778 diebus
713 1738 758 1777 &
781 1736 888 1780 statis
915 1739 1023 1780 horis
1053 1742 1210 1795 navigia
1240 1755 1290 1782 ex
1315 1742 1442 1783 Portu
1472 1741 1608 1784 nostro

136 1795 286 1838 solvere
311 1793 481 1849 possunt,
499 1796 541 1835 &
562 1796 747 1836 Venetias
763 1796 1001 1838 contendere
1017 1824 1025 1833 ·
1042 1796 1183 1841 Hieme
1198 1812 1295 1840 vero
1319 1798 1406 1840 heic
1436 1799 1609 1856 plerum-

140 1867 217 1907 que
234 1851 392 1892 Africus
409 1881 418 1896 ‚
451 1851 512 1891 seu
528 1854 594 1895 Sw
609 1850 727 1908 spirat
744 1882 753 1892 .
785 1853 931 1894 Verum
949 1853 1045 1894 haec
1069 1867 1196 1909 pauca
1224 1855 1273 1897 de
1304 1858 1494 1899 Meteoris
1524 1872 1610 1899 om·-

137 1911 251 1951 nibus
267 1937 279 1952 ,
303 1922 402 1962 quae
433 1908 483 1949 ad
511 1923 569 1950 res
586 1911 759 1951 Marinas
790 1908 926 1965 aliquo
941 1913 1062 1968 padto
1078 1914 1283 1966 pertinent
1298 1941 1309 1958 ‚
1326 1927 1403 1969 pro
1434 1914 1610 1969 praesen-

138 1968 170 2007 ti
201 1967 419 2022 Specimine
448 1964 522 2006 sint
549 1964 637 2007 satis
653 1996 662 2005 .

690 2175 1076 2219 FINIS.

950 2461 981 2500 L
1529 2466 1616 2510 An-

182 2547 222 2581 (a)
241 2547 369 2577 Ei'cmcnt.
383 2547 486 2588 Phyfic.
501 2551 523 2583 §.
541 2558 597 2582 527.
613 2549 638 2579 ἃ
652 2550 680 2579 T
679 2553 803 2580 emmiu.
817 2551 995 2589 Experiment.
1008 2552 1190 2584 Additamclzt.
1206 2565 1266 2592 pag.
1279 2568 1303 2589 9·
