1814 2902
239 238 289 286 36
675 232 773 271 DE
831 233 1251 276 coNoH1s·

236 318 302 356 An
321 318 417 357 vero
433 314 661 374 mollescant
677 317 823 357 Cancri
840 332 975 359 omnes
989 325 1000 364 ,’
1015 333 1096 360 non
1114 319 1231 362 ausim
1255 319 1448 365 affirmare
1463 352 1472 362 .
1489 324 1665 369 Caneros

237 374 343 413 enim
375 372 462 413 illos
480 376 647 426 majores
662 374 833 427 Paguros
849 375 892 414 ὃ(
909 375 1032 428 Majas
1049 377 1176 418 dietos
1192 406 1202 422 ‚
1231 392 1327 433 quos
1343 379 1460 421 nostri
1475 381 1667 425 Granceole

235 429 431 469 vocabulo
443 443 534 470 cum
551 430 709 470 Venetis
727 432 930 472 communi
947 433 1170 486 appellant,
1181 449 1393 490 numquam
1410 439 1548 480 molles
1565 441 1662 482 vidi.

235 486 417 539 Denique
450 484 675 540 personatus
704 486 991 541 aliquantulum
1012 487 1065 529 est
1095 490 1160 530 hic
1175 493 1329 533 Cancer
1345 520 1357 538 ‚
1387 492 1451 534 sed
1469 496 1568 550 quid
1597 493 1666 536 fibi

235 543 332 583 velit
348 542 444 583 haec
460 557 539 584 vox
556 541 725 598 sequenti
741 545 871 599 capite
894 543 1177 587 declarabimus
1193 575 1202 585 .

260 650 1644 699 QQQQQNQQQQQQQQQQ

628 756 1082 822 CAPVT
1167 761 1262 820 ΙΙ.

259 859 475 899 CANCER
520 871 772 900 mnsv‘rvs
822 874 1152 902 PERSONATVS
1199 874 1360 904 MARIS
1407 866 1633 911 Svpsnx,

286 928 459 954 vaGo
492 915 662 957 Facchino
692 918 1134 959 ARIMINENSIBVS
1164 931 1378 961 DICTvs.

228 998 258 1038 Ι.
290 1001 375 1091 C
396 1002 568 1041 Ancrum
612 1000 716 1041 hunc
731 1001 736 1003 ’
753 1002 868 1057 longe
898 1000 1205 1058 pulcherrimum
1237 1005 1353 1044 maris
1400 1003 1517 1045 nostri
1550 1018 1664 1046 acco-

405 1058 484 1097 lam
500 1085 510 1100 ,
537 1057 584 1098 de
613 1071 693 1112 quo
722 1056 910 1113 singulare
938 1061 1072 1113 Caput
1102 1059 1188 1100 heic
1219 1075 1299 1101 non
1328 1063 1530 1103 immerito
1562 1061 1664 1102 insti-

230 1118 376 1156 tuimus
394 1145 405 1159 ‚
435 1128 550 1154 nemo
567 1115 674 1168 quod
692 1114 807 1156 sciam
832 1113 1055 1171 descripfit-
1084 1118 1271 1159 Larvatus
1296 1120 1401 1159 enim
1429 1117 1482 1158 est
1495 1116 1556 1158 seu
1573 1132 1663 1172 per-

233 1169 413 1213 sonatus,
445 1183 490 1210 ut
522 1171 619 1212 facie
646 1171 816 1212 humana
846 1171 1086 1225 aliquantum
1117 1185 1247 1214 tamen
1273 1175 1489 1228 depravata
1505 1176 1659 1230 penitus

229 1229 303 1271 esse
322 1229 502 1271 videatur
521 1257 527 1263 -
546 1227 696 1268 Oculos
714 1231 816 1269 enim
834 1258 843 1272 ,
861 1229 982 1267 nareis
999 1256 1008 1270 ,
1026 1244 1068 1269 os
1086 1257 1097 1273 ,
1126 1241 1242 1284 atque
1257 1230 1357 1285 pilos
1391 1230 1479 1271 illos
1504 1231 1662 1285 longio-

226 1299 286 1327 res
306 1286 406 1326 labri
441 1283 646 1339 superioris
663 1313 672 1328 ‚
705 1299 802 1338 quos
834 1283 1010 1335 μόςακας
1028 1287 1168 1326 Graeci
1184 1297 1331 1326 vocant
1349 1314 1357 1329 ‚
1391 1301 1471 1326 non
1495 1285 1659 1327 obscure

227 1343 426 1384 ostentant
442 1372 451 1387 ,
482 1351 524 1380 ut
552 1342 591 1380 in
606 1340 759 1381 Tabula
773 1343 819 1380 V.
843 1346 966 1396 figura
984 1345 1012 1382 1.
1030 1342 1162 1383 videre
1178 1341 1230 1382 est
1248 1343 1357 1382 .Itali
1377 1341 1515 1382 faciem
1531 1342 1661 1395 hujus-

226 1400 337 1440 modi
368 1398 578 1438 humanam
604 1398 860 1453 depravatam
889 1399 1101 1454 Mascarone
1115 1398 1236 1453 vulgo
1266 1398 1467 1453 appellant
1481 1430 1489 1438 .
1524 1397 1659 1453 Nostri

230 1460 430 1497 Cancrum
461 1455 564 1495 hunc
581 1455 752 1494 Face-hino
782 1466 928 1496 vocant
947 1483 957 1498 ,
984 1455 1091 1510 quod
1115 1457 1221 1511 turpi
1252 1454 1350 1496 facie
1372 1453 1439 1499 sit,
1465 1456 1573 1497 velut
1589 1456 1658 1496 ba-

227 1513 298 1567 juli
314 1541 324 1555 ‚
355 1511 502 1566 aliique
518 1511 628 1564 hujus
654 1513 801 1564 generis
819 1512 975 1551 viliores
1008 1512 1184 1551 homines
1200 1542 1208 1550 .
1238 1514 1390 1551 Cancer
1420 1511 1548 1553 noster
1577 1511 1660 1553 lati-

203 1563 206 1566 *
227 1585 295 1625 pes
312 1569 478 1624 vulgaris
496 1598 505 1613 ‚
536 1579 580 1608 ut
595 1566 705 1623 supra
722 1569 917 1608 innuimus
935 1599 944 1613 ‚
969 1568 1251 1622 aliquantulum
1268 1567 1435 1608 larvatus
1466 1568 1542 1622 ipse
1558 1584 1658 1624 quo-

229 1641 304 1682 que
320 1625 372 1666 est
386 1653 395 1668 ‚
425 1624 486 1666 sed
504 1640 583 1665 non
601 1626 655 1664 ita
669 1624 773 1664 clara
788 1627 831 1665 &
860 1623 1039 1665 distineba
1063 1624 1160 1664 fa'cie
1176 1635 1218 1664 ut
1235 1623 1409 1677 praesens
1430 1656 1437 1663 .
1474 1624 1655 1665 Hirsutus

228 1684 292 1723 hic
311 1693 415 1723 totus
443 1680 496 1723 est
513 1683 552 1722 in
570 1681 667 1722 facie
685 1710 696 1724 ‚
721 1682 763 1720 ὃς
781 1683 817 1721 in
836 1683 997 1736 pedibus
1015 1712 1026 1728 ‚
1051 1695 1096 1720 ac
1115 1682 1153 1720 in
1169 1690 1259 1720 toto
1274 1681 1440 1736 denique
1471 1694 1654 1736 corpore·

231 1739 372 1780 Chelas
389 1739 449 1780 seu
465 1740 580 1794 pedes
597 1738 717 1778 habet
733 1738 870 1778 decem
889 1765 899 1780 ‚
930 1749 974 1778 ut
990 1739 1113 1779 ceteri
1128 1739 1272 1777 Cancri
1290 1752 1424 1778 omnes
1441 1765 1452 1781 ,
1484 1752 1581 1792 quos
1598 1739 1655 1779 vi-

227 1796 267 1837 di
286 1825 295 1840 ‚
325 1807 498 1837 attamen
517 1805 681 1850 propter
703 1794 845 1834 lineam
868 1793 1056 1835 hirsutam
1071 1794 1282 1848 quamdam
1298 1793 1511 1835 exstantem
1534 1796 1578 1834 &
1595 1795 1655 1847 ip-

228 1852 306 1894 sam
326 1884 335 1899 ,
353 1868 451 1908 quae
469 1853 583 1893 Ferae
602 1852 691 1890 loco
708 1848 891 1901 μοις-οἴκων
907 1881 915 1896 ,
932 1864 977 1891 ut
993 1852 1075 1891 dixi
1091 1878 1101 1893 ,
1117 1848 1191 1892 est,
1211 1849 1421 1890 duodecim
1439 1851 1556 1906 pedes
1575 1852 1654 1904 pri-

227 1926 295 1951 mo
311 1909 466 1964 aspedtu
494 1923 629 1963 gerere
658 1909 812 1949 videtur
829 1938 836 1946 .
867 1909 963 1949 Dixi
993 1908 1128 1948 decem
1159 1906 1274 1960 pedes
1302 1906 1443 1947 habere
1480 1908 1654 1947 Cancros

227 1968 377 2008 omneis
391 1994 401 2010 ,
429 1980 519 2006 nam
535 1967 578 2005 &
593 1966 694 2005 inter
711 1966 827 2019 pedes
844 1967 1044 2006 numeravi
1059 1962 1273 2017 superiores
1302 1962 1390 2003 illos
1410 1962 1568 2018 forcipis
1586 1977 1656 2003 cu-

230 2022 380 2078 jusdam
398 2022 511 2063 instar
528 2050 539 2064 ,
569 2035 666 2076 quos
681 2021 808 2062 chelas
825 2024 984 2078 proprie
1000 2022 1079 2061 dici
1094 2033 1174 2060 non
1189 2021 1329 2072 ignoro
1344 2050 1352 2058 .
1378 2019 1488 2060 Fulvi
1504 2019 1650 2060 coloris

227 2080 280 2122 est
295 2112 306 2126 ,
336 2082 377 2121 ὅ(
394 2094 472 2120 non
491 2080 634 2135 ingrati
658 2077 803 2133 saporis
820 2107 829 2123 ,
847 2078 907 2119 sed
924 2093 946 2118 a
962 2077 1096 2118 nostris
1112 2077 1323 2130 negligitur
1340 2103 1347 2111 .
1364 2077 1530 2131 Propter
1548 2078 1652 2116 enim

224 2139 421 2179 variorum
439 2135 601 2192 piscium
619 2139 779 2191 copiam
794 2164 806 2180 ‚
823 2147 938 2190 atque
955 2134 1169 2176 ostreorum
1185 2162 1195 2177 ,
1212 2131 1318 2186 apud
1335 2146 1404 2172 nos
1421 2133 1551 2173 viliori
1566 2130 1653 2171 sunt

229 2196 359 2249 pretio
376 2195 522 2234 Cancri
536 2207 693 2239 omneS,
724 2205 891 2250 excepta
921 2192 1064 2233 femina
1091 2190 1252 2242 majoris
1275 2188 1398 2234 illius,
1429 2190 1536 2241 Maja
1553 2215 1563 2230 ‚
1590 2187 1651 2229 seu

228 2254 383 2305 Paguro
401 2250 576 2292 ¹secundo
611 2253 660 2292 ab
676 2250 945 2292 Aldrovando
963 2250 1091 2294 dieta,
1122 2260 1220 2301 quae
1250 2244 1490 2286 nobiliorum
1517 2243 1651 2285 mensis

228 2308 423 2349 interdum
441 2310 658 2364 apponitur
675 2335 683 2344 ·
717 2309 851 2348 Ceteri
880 2304 1126 2347 sordescunt.

1183 2361 1190 2369 ο

284 2366 334 2405 11.
368 2365 525 2419 Longus
555 2364 668 2406 essem
690 2362 716 2406 fi
746 2365 884 2406 vellem
916 2377 1057 2418 genera
1084 2375 1218 2402 omnia
1242 2362 1488 2401 Cancrorum
1531 2357 1651 2398 nostri

234 2422 380 2462 littoris
411 2421 496 2462 heic
519 2422 733 2464 describere
750 2453 757 2460 .
773 2421 907 2462 Paucis
925 2432 1055 2460 tamen
1071 2418 1260 2473 quaedam
1277 2432 1413 2458 eorum
1431 2417 1625 2470 attingam
1641 2445 1648 2453 .

230 2480 386 2520 Praeter
401 2480 598 2520 Cancrum
628 2478 817 2522 hirsutum
834 2479 876 2518 &
892 2476 1143 2534 personatum
1159 2475 1235 2516 hoc
1252 2476 1397 2529 Capite
1412 2470 1649 2526 descriptum

1547 2540 1651 2582 repe-
