1814 2902
191 230 245 267 90
502 215 975 260 A'PPENDIX
1033 219 1355 261 PRIMA.

191 315 252 346 ter
268 303 354 345 heic
371 314 607 344 memoratas
635 305 883 361 reperiuntur
899 333 910 349 ‚
935 306 984 345 ,δε
999 304 1231 360 praesertim
1259 305 1340 345 duo
1366 317 1532 358 genera,
1560 311 1661 359 quae

190 363 319 403 radios
342 360 490 414 pedalis
516 360 775 416 longitudinis
806 362 976 408 habent,
1006 376 1173 418 quarum
1202 377 1324 403 unum
1339 362 1468 402 radios
1499 363 1659 416 quidem

188 418 308 460 habet
339 417 479 458 crassos
495 447 507 463 ,
537 420 739 460 &cavos·.
770 420 817 460 In
833 418 1003 460 secundo
1019 434 1115 461 vero
1142 420 1244 461 radii
1273 418 1361 460 sunt
1383 419 1632 473 complanati
1647 443 1662 466 ,

189 486 236 516 ut
253 477 294 516 in
317 474 543 529 vulgaribus
568 476 695 517 Stellis
712 478 855 532 Capite
871 477 963 517 1111.
980 492 1002 518 a
1020 492 1082 518 me
1111 477 1314 532 descriptis
1333 503 1340 511 ·
1373 477 1499 531 Spinis
1530 475 1663 518 horre-

191 531 306 573 scunt
321 533 422 573 radii
454 534 495 571 in
519 542 688 587 utroque
703 548 868 588 genere.
899 536 1104 574 Praeterea
1133 531 1437 589 frequentissima
1461 531 1515 572 est
1544 532 1663 574 Stella

189 590 385 645 quaedam
401 590 528 642 major
546 588 665 631 laevis
681 591 842 645 quidem
860 618 870 634 ,
901 591 944 631 ὃ(
959 592 1105 632 crebris
1133 590 1256 632 foveis
1274 591 1315 630 in
1328 590 1445 630 radiis
1460 591 1503 630 ἅ
1519 590 1560 630 in
1570 604 1665 630 ,cor-

188 662 288 702 pore
305 647 452 686 donata
467 676 478 691 ‚
507 647 551 686 ὃ(
575 643 679 688 flavo
697 647 920 703 viscidoque
935 648 1100 689 humore
1123 658 1209 688 tota
1225 648 1428 702 inquinata
1444 674 1455 690 ‚
1481 659 1562 700 quo
1577 643 1664 687 infi-

189 705 348 744 ciuntur
371 702 518 758 digiti,
536 704 579 743 &
596 718 730 745 manus
747 732 757 748 ,
787 702 813 744 si
828 707 1098 746 contradictus
1116 737 1124 746 .
1153 706 1367 761 Reperitur
1378 717 1540 758 quoque
1554 731 1568 748 2
1593 702 1663 744 sed

187 760 408 802 admodum
424 774 515 801 raro
531 788 542 805 ‚
558 760 677 801 Stella
692 763 920 816 Pentagona
939 793 948 808 ,
977 761 1054 803 sme
1070 763 1187 804 radiis
1204 790 1215 806 ‚
1246 761 1350 803 flavo
1374 759 1511 802 colore
1540 760 1665 803 dona-

190 830 259 862 ta,
290 819 334 858 &
362 818 485 859 veluti
512 816 781 872 squammosa,
812 821 920 871 cujus
952 819 1164 875 superiores
1191 818 1415 874 squammae
1445 818 1662 872 quadratae

188 875 303 923 sunt,
330 876 374 915 &
400 873 600 917 inferiores
629 877 825 918 rotundae
853 875 978 916 veluti
1008 881 1153 930 parvae
1177 875 1341 916 Stellae.
1375 874 1470 915 Tria
1502 886 1660 916 tantum

188 933 372 987 exempla
386 931 608 986 hujusmodi
639 933 928 988 pulcherrimae
945 933 1086 974 Stellae
1115 933 1222 976 vidi,
1254 945 1426 986 quorum
1455 945 1576 972 unum
1593 931 1664 971 do-

187 1004 243 1031 no
268 991 358 1031 dedi
378 989 627 1032 Ferdinando
656 988 781 1031 Baffio
810 993 942 1032 amico
973 989 1105 1031 nostro
1123 1018 1132 1035 ‚
1163 986 1410 1030 Bononiensis
1426 988 1664 1029 Academiae

187 1046 360 1088 Instituti
378 1045 545 1087 Praefidi
561 1079 570 1088 .

245 1104 414 1146 XXXXI-
447 1103 607 1146 Ibidem.
640 1105 834 1146 Dabimus
865 1105 905 1143 in
921 1099 1155 1161 Appendice
1181 1102 1348 1145 secunda
1374 1101 1472 1144 Tab-
1489 1103 1559 1143 VI.
1588 1101 1670 1142 De·-

190 1162 448 1217 scriptionem
468 1163 692 1203 uberiorem
710 1162 851 1202 Stellae
876 1161 1028 1203 nostrae
1055 1163 1227 1217 vulgaris
1244 1164 1287 1202 &
1311 1161 1490 1202 latioris,
1521 1158 1669 1212 ubipe-

189 1221 257 1260 des
275 1219 472 1259 innumeri
492 1250 502 1265 ,
519 1220 661 1273 quibus
679 1218 884 1261 incedunt,
902 1218 1170 1260 describentur
1185 1248 1196 1264 ‚
1214 1220 1258 1258 &
1272 1217 1493 1258 Cerebrites
1507 1227 1669 1271 quoque

190 1276 349 1332 lapidea
368 1303 377 1318 ‚
407 1289 529 1329 quam
545 1277 586 1316 in
602 1274 720 1316 dorso
737 1277 840 1330 gerit
857 1302 869 1318 ‚
901 1276 1108 1316 notabitur
1123 1302 1131 1310 ·
1549 1317 1552 1320 Α

245 1332 432 1374 XXXXH-
466 1333 553 1388 Pag.
571 1346 638 1385 43.
658 1330 778 1373 numo.
797 1332 863 1372 111.
898 1331 1021 1373 Massa
1044 1331 1140 1372 haec
1157 1330 1338 1372 informis
1369 1328 1432 1370 seu
1457 1330 1565 1368 Caro
1587 1341 1672 1368 ma-

190 1391 274 1431 rina
293 1388 390 1430 nihil
406 1388 514 1431 aliud
529 1389 582 1430 est
612 1388 679 1430 nisi
701 1389 966 1443 fragmentum
980 1388 1170 1444 Alcyonii
1187 1389 1296 1429 rubri
1311 1383 1464 1444 pulpofi
1481 1413 1493 1429 ‚
1522 1385 1631 1438 quod
1648 1399 1672 1425 a

189 1462 252 1488 me
270 1447 443 1502 sequenti
462 1448 696 1502 Appendice
711 1447 954 1488 describetur
967 1477 978 1493 ,
1002 1448 1045 1488 δε
1059 1445 1202 1500 figura-s
1232 1445 1427 1486 adducam
1443 1457 1492 1484 ex
1506 1441 1606 1482 Tab.
1623 1445 1669 1484 X.

188 1504 255 1545 sub
271 1506 428 1545 Litteris
446 1505 485 1543 B.
503 1506 549 1544 C.
565 1506 614 1544 D.
1342 1518 1345 1521 ·

247 1560 451 1603 ΧΧΧΧΠΙ.
484 1561 620 1602 ibidem
649 1558 872 1602 num0.1111.
904 1565 1001 1602 circa
1027 1561 1169 1614 finem·
1201 1560 1264 1600 De
1296 1558 1491 1611 Favagine
1516 1557 1557 1594 in
1584 1559 1671 1612 Ap-

189 1619 356 1674 pendice
371 1618 551 1659 dabimus
564 1619 790 1659 uberiorem
806 1616 1021 1659 Historiam
1037 1631 1129 1657 cum
1156 1614 1289 1669 figuris
1306 1643 1317 1658 ‚
1348 1616 1391 1654 &
1421 1612 1668 1655 ostendemus

188 1677 423 1730 Favaginem
439 1674 509 1716 effe
535 1678 670 1717 ovat-ia
688 1675 890 1715 Cochleae
909 1676 1125 1731 puntftatae
1143 1703 1153 1719 ‚
1182 1687 1284 1728 quae
1309 1673 1366 1712 ita
1397 1668 1592 1724 znpsdgu,
1624 1681 1670 1712 ut

189 1736 246 1774 ait
262 1731 489 1774 Aristoteles
522 1733 572 1775 de
588 1734 768 1788 Purpura
786 1760 796 1775 ‚
826 1731 888 1772 {eu
922 1729 1097 1774 favificat
1113 1759 1124 1775 ‚
1154 1741 1201 1771 ut
1219 1733 1300 1783 ejus
1330 1731 1522 1785 interpres
1540 1729 1670 1785 loqui-

191 1804 256 1833 tur
273 1819 282 1833 ‚
315 1788 423 1832 favos
440 1789 590 1831 scilicet
603 1790 720 1831 edens
738 1820 747 1829 .

247 1847 468 1889 XXXXHH.
502 1848 590 1902 Pag·
610 1861 669 1897 50.
688 1849 756 1887 lin·
779 1861 838 1897 19.
857 1845 946 1886 Post
961 1846 1084 1885 illud:
1115 1845 1252 1902 θὅζιιιινι·
1279 1843 1386 1883 Bonos
1404 1845 1481 1884 ilios
1497 1843 1669 1883 addatur

191 1906 418 1948 Academicos
433 1906 559 1945 Gallos
583 1915 730 1959 apparet
745 1905 820 1949 &c.
836 1905 943 1944 Nam
971 1902 1094 1956 aliqui
1121 1915 1170 1942 ex
1188 1899 1313 1940 Gallis
1334 1929 1344 1943 ‚
1376 1901 1419 1939 ὃ(
1436 1898 1668 1955 praesertim

189 1960 475 2004 Trevoltienses
504 1962 545 2001 id
569 1962 735 2003 dietum-
753 1962 964 2001 voluerunt
995 1959 1043 2000 de
1073 1956 1252 2000 universa
1263 1956 1480 1997 Gallorum
1509 1957 1668 2000 Gente»

191 2018 255 2061 sed
278 2020 314 2058 τό
329 2019 437 2060 Bonos
469 2018 622 2060 dictum
642 2026 797 2059 tantum
826 2016 899 2058 fuit
927 2017 974 2057 de
991 2016 1240 2058 Academicis
1265 2014 1338 2055 illis
1355 2015 1476 2055 Gallis
1494 2044 1504 2058 ,
1536 2015 1606 2069 qui
1621 2013 1672 2054 ad

193 2077 346 2131 aliquot
373 2078 513 2116 Portus
532 2075 755 2117 Galliarum
771 2078 811 2115 in
825 2076 988 2116 Oceano
1017 2071 1115 2114 misfi
1140 2072 1299 2114 fuerunt
1314 2103 1325 2118 ,
1355 2083 1401 2112 ut
1428 2071 1672 2113 observatio-

194 2148 259 2174 nes
286 2136 394 2175 circa
421 2132 566 2175 aestum
594 2134 709 2174 maris
742 2131 1013 2178 instituerent,
1044 2129 1216 2185 talesque
1240 2129 1474 2170 Academici
1500 2127 1674 2169 oscitan-

196 2203 256 2231 ter
273 2206 356 2233 rem
373 2190 633 2233 confecerunt
648 2219 660 2235 ,
693 2196 858 2245 majores
889 2199 1045 2230 tantum
1070 2186 1190 2230 aestus
1206 2187 1248 2226 in
1264 2186 1474 2227 noviluniis
1491 2217 1502 2232 ,
1531 2187 1576 2226 ὃς
1589 2184 1674 2239 ple·-

197 2247 356 2290 niluniis
385 2246 631 2291 observantes
647 2279 657 2294 ‚
690 2248 733 2287 &
754 2248 1011 2302 neglexerunt
1034 2255 1189 2287 caetera
1219 2247 1333 2285 maris
1355 2254 1497 2298 eventa
1512 2271 1522 2286 ‚
1552 2253 1600 2282 ut
1616 2243 1672 2283 di-

197 2308 240 2346 xi
256 2308 294 2345 in
312 2306 518 2361 Apologia
545 2307 595 2347 ad
611 2303 898 2348 Trevoltienses
914 2335 924 2350 ,
956 2318 1055 2360 quae
1074 2303 1178 2343 edita
1195 2301 1270 2341 suit
1285 2316 1306 2341 a
1321 2303 1460 2342 Lamio
1492 2302 1530 2340 in
1547 2299 1673 2354 Ephe-

199 2364 411 2404 meridibus
426 2361 642 2405 florentinis
667 2378 770 2404 anno
800 2360 1004 2403 millesimo
1019 2356 1360 2418 septingentesimo
1376 2355 1672 2414 quadragesimo

200 2430 342 2474 quarto
359 2448 370 2463 ,
403 2423 546 2475 pagina
561 2418 870 2476 quingentesima
884 2417 1086 2474 vigesima.

260 2478 397 2518 XXXX
400 2479 436 2517 V.
469 2479 602 2520 ibidem
618 2480 684 2519 lin.
705 2492 769 2531 30.
787 2477 912 2534 Quod
927 2478 1015 2518 heic
1041 2476 1243 2531 splendide
1261 2491 1283 2516 a
1298 2489 1360 2516 me
1377 2474 1531 2514 dics‘cum
1549 2469 1678 2569 estsadre
