1814 2902
558 203 1173 254 Mr'stNo'rrs
1539 215 1587 256 κς

160 308 169 315 ·’
205 299 255 339 ΙΙ.
286 296 390 339 Huic
414 297 589 338 Buccino
618 297 742 348 affinis
771 295 826 336 est
855 295 932 334 alia
947 291 1060 334 Testa
1088 293 1184 332 licet
1214 289 1263 331 ad
1279 287 1472 330 Turbines
1513 299 1596 328 ma-

152 356 210 408 gis
240 355 430 398 accedat,
460 368 579 408 quam
609 355 651 393 P.
669 352 891 393 Bonannius
923 349 990 389 sub
1020 346 1147 388 num.⁰
1186 361 1273 398 143.
1298 338 1597 394 (a)adumbra-

152 412 213 452 vit
228 440 238 455 ‚
270 411 528 457 fulvieoloris
544 440 556 456 ‚
585 412 629 451 &
651 407 849 450 insolitam
865 405 937 447 effe
953 405 1058 446 di‘xit
1076 432 1084 442 .
1115 404 1240 456 Hujus
1256 402 1444 456 elegantis
1457 399 1594 441 Testae

156 468 380 523 exemplum
398 468 561 507 unicum
591 466 719 507 habeo
749 467 790 505 in
818 465 957 505 littore
983 460 1115 502 nostro
1144 471 1348 513 repertum
1368 485 1375 492 -
1399 457 1506 497 Tota
1521 457 1598 497 Te-

154 523 209 564 sta
239 522 446 564 reticulata
475 522 553 569 est,
583 521 646 564 seu
678 521 834 566 striata,
863 519 926 560 sed
941 518 1050 560 striae
1067 520 1106 558 in
1123 515 1411 571 longitudinem
1439 511 1602 568 disposi-

154 590 218 621 tae
247 579 424 634 prostant
455 581 578 635 magis
609 582 653 621 δε
676 580 840 620 rariores
871 575 984 622 sunt,
1013 589 1132 629 quam
1157 587 1256 628 quae
1286 573 1326 611 in
1357 570 1596 611 latitudine.

152 637 424 677 Pulcher-rimo
457 635 567 678 furvo
595 636 732 677 colore
762 649 853 675 cum
883 633 974 673 albo
1003 633 1185 673 admixto
1216 629 1391 685 splendet
1420 626 1599 670 universa

152 692 292 734 Testa.
321 692 501 734 Describi
514 693 645 746 potest
661 721 671 736 ‚
704 704 749 733 ut
766 692 939 732 arbitror
955 720 966 735 ,
991 703 1072 729 non
1088 691 1220 742 inepte
1239 702 1246 726 :
1274 687 1487 726 Buccinum
1516 698 1603 724 me-

155 750 265 790 dium
297 751 346 790 ad
374 750 591 789 Turbinem
621 749 810 789 accedens
841 749 880 787 in
914 746 1167 786 latitudinem
1198 775 1208 790 ,
1237 745 1280 783 &
1310 742 1600 796 longitudinem

153 806 330 846 striarum
347 836 356 851 ‚
386 804 448 845 seu
466 804 720 846 reticulatum
736 833 746 848 ,
775 804 873 846 fulvi
890 803 1034 844 coloris
1050 817 1142 843 cum
1159 800 1251 842 albo
1270 801 1457 855 permixti
1476 827 1483 835 .

457 973 855 1036 CAPVT
946 967 1308 1031 XVIIII.

184 1085 455 1127 nunnus
496 1101 580 1130 sav
619 1089 861 1128 Annus
910 1099 1104 1128 MINIMI
1151 1099 1351 1127 GLABRI
1394 1086 1579 1126 Lnro-

683 1159 770 1186 RIS
812 1147 1080 1186 Annum.
1281 1147 1284 1150 ’

159 1245 189 1288 I·
221 1245 320 1334 N
337 1246 418 1287 ΟΝ
452 1247 559 1302 quod
591 1248 773 1301 ignotum
799 1243 846 1287 fit
862 1245 966 1302 apud
984 1245 1163 1290 Eruditos
1194 1244 1272 1287 hoc
1298 1243 1435 1295 Testae
1461 1258 1579 1299 genus
1599 1274 1610 1290 ,

350 1317 436 1344 eam
460 1303 547 1344 heic
576 1303 730 1350 refero,
755 1302 816 1343 sed
846 1313 891 1343 ut
922 1303 1056 1343 idiotis
1085 1301 1287 1342 ostendam
1318 1314 1461 1355 corpus
1491 1303 1610 1342 mari-

159 1373 252 1401 num
279 1360 349 1402 effe
378 1360 419 1400 id
450 1360 556 1414 quod
590 1361 629 1400 in
661 1360 860 1402 montibus
892 1360 1115 1415 reperitur,
1147 1359 1191 1399 &
1216 1360 1378 1399 nomine
1395 1358 1609 1399 Canalicu-

159 1415 288 1459 lorum
332 1415 670 1471 sympathicorum
712 1427 860 1458 vocant
889 1447 900 1462 ‚
948 1427 1066 1471 atque
1106 1430 1128 1455 a
1168 1414 1399 1470 quibusdam
1442 1415 1608 1456 Medicis

158 1473 294 1517 nostris
333 1473 419 1514 satis
460 1474 684 1528 vulgaribus
724 1473 886 1528 quidem
915 1487 992 1527 pro
1023 1472 1199 1513 remedio
1242 1470 1380 1525 insigni
1413 1472 1463 1512 ad
1497 1474 1608 1527 angi-

159 1545 251 1572 nam
282 1530 490 1572 arcendam
521 1530 564 1570 &
591 1530 807 1572 curandam
839 1529 1089 1585 praedicatur
1109 1556 1120 1572 ‚
1152 1526 1179 1570 fi
1209 1529 1391 1570 Amuleti
1424 1527 1541 1569 instar
1557 1528 1609 1569 ad

159 1588 308 1628 collum
339 1585 550 1643 appensum
579 1587 750 1642 gestetur
783 1615 790 1622 -
826 1586 993 1628 Concha
1016 1588 1121 1626 enim
1153 1588 1304 1626 marina
1343 1583 1609 1639 vulgatiffima

159 1644 238 1690 est,
268 1659 366 1699 quae
384 1642 627 1699 patefacta,
658 1645 722 1684 vel
754 1645 792 1683 in
821 1643 919 1683 statu
950 1643 1120 1684 naturali
1150 1641 1379 1685 conservata
1405 1641 1611 1684 in²m0nti-

159 1702 230 1742 bus
248 1700 325 1741 fere
340 1700 522 1741 omnibus
539 1702 761 1741 invenitur·
793 1703 914 1754 Cujus
945 1701 1174 1754 exemplum
1201 1698 1294 1741 licet
1329 1701 1491 1740 minoris
1526 1714 1611 1740 mo-

161 1757 234 1801 lis,
264 1756 325 1797 sed
345 1768 476 1797 tamen
504 1756 673 1809 ejusdem
702 1756 843 1811 speciei
874 1772 979 1798 mare
1010 1756 1182 1797 nostrum
1213 1758 1335 1797 etiam
1353 1755 1580 1811 suppeditat
1599 1786 1613 1803 ,-

164 1815 221 1854 uti
239 1827 394 1855 cernere
424 1811 477 1853 est
507 1814 547 1852 in
574 1813 729 1854 Tabula
745 1815 795 1853 II.
814 1813 939 1868 figura
968 1814 1106 1852 itidem
1122 1815 1174 1853 Π.
1192 1811 1260 1853 sub
1277 1812 1415 1853 litteris
1433 1815 1472 1852 B.
1489 1814 1539 1852 A·.
1562 1816 1609 1855 C.

163 1869 340 1911 Dentalis
357 1869 418 1910 vel
436 1869 588 1910 Antalis
605 1872 869 1911 communiter
897 1881 1063 1911 vocatur
1079 1884 1102 1910 a
1118 1870 1385 1924 Scriptoribus
1402 1869 1481 1910 hoc
1501 1871 1612 1912 Con-

165 1926 369 1981 chylium.
399 1928 445 1966 In
471 1925 602 1967 nostro
632 1929 732 1967 mari
756 1926 988 1981 praesertim
1017 1926 1066 1966 ad
1097 1927 1234 1967 littora
1251 1925 1417 1967 Histriae
1434 1954 1445 1970 ‚
1473 1938 1519 1967 ut
1534 1929 1614 1968 ob-

167 1983 316 2024 servavi
333 2011 342 2026 ‚
372 1982 458 2023 sunt
482 1985 562 2035 ejus
592 1983 708 2024 molis
725 2014 735 2029 ‚
760 1998 878 2037 quarn
895 1983 961 2024 sub
980 1984 1120 2024 litteris
1144 1985 1228 2024 B&
1244 1985 1279 2023 C
1307 1981 1613 2039 repraesentaviss

168 2055 276 2082 mus.
301 2039 370 2080 Sed
390 2051 472 2079 tam
489 2040 543 2079 illi
561 2055 680 2095 quam
697 2040 817 2088 nostri
849 2041 975 2096 glabri
1005 2039 1092 2080 sunt
1122 2054 1256 2081 omnes
1274 2071 1284 2086 ‚
1311 2043 1355 2081 ὃς
1372 2042 1506 2082 nonin
1523 2042 1610 2082 lon-

168 2097 381 2152 gitudinem
401 2099 582 2137 excavati
607 2110 652 2137 ut
683 2095 822 2138 foffiles
852 2098 1050 2153 plerique·
1079 2098 1219 2151 Qalis
1244 2095 1290 2138 sit
1305 2095 1498 2138 strucstura
1526 2100 1611 2138 ani-

169 2153 328 2195 malculi
352 2155 455 2194 intra
480 2153 635 2195 Testam
662 2155 836 2210 degentis
854 2187 863 2200 ,
894 2170 943 2195 an
960 2169 1109 2195 cornua
1133 2158 1175 2196 ὃ(
1199 2154 1434 2211 operculum
1465 2154 1610 2197 habeat

169 2224 215 2251 ut
242 2211 426 2266 pleraque
442 2211 666 2264 ‘Vnivalvia
683 2242 693 2257 ,
722 2225 874 2267 nequeo
897 2214 1054 2257 dice1e;
1085 2213 1230 2254 Vivum
1260 2213 1364 2252 enim
1393 2226 1609 2268 numquam

172 2269 279 2310 vidi.

227 2326 278 2364 11.
311 2325 357 2364 In
387 2326 581 2366 montibus
612 2327 717 2367 circa
746 2329 971 2368 Ariminum
1002 2325 1137 2382 paffim
1166 2326 1411 2383 reperiuntur
1427 2329 1614 2369 Dentales

172 2380 334 2423 fossius,
368 2380 671 2438 sed-praesertim
702 2386 740 2425 in
774 2387 913 2426 Monte
945 2387 1076 2425 saneti
1108 2385 1268 2438 Joannis
1287 2385 1325 2423 in
1341 2384 1543 2432 Galilaea;
1573 2398 1615 2425 at

967 2445 1006 2484 D
1110 2455 1113 2460 ’
1575 2445 1616 2483 in

201 2507 253 2541 (ὅ)
271 2508 397 2540 Bonam.
412 2510 496 2547 class.
509 2511 566 2542 III.
580 2523 651 2541 num.
669 2522 724 2548 143.
739 2512 764 2543 ξι·
777 2513 841 2544 Par.
856 2514 971 2552 Il.pag.
987 2524 1047 2549 203-
1061 2515 1121 2544 edic.
1135 2514 1162 2542 in
1176 2524 1201 2547 4.
1216 2512 1317 2540 Romae
1331 2517 1406 2541 1631.
