1814 2902
225 215 276 262 58
662 211 1219 257 SPECIMEN

215 294 419 337 Aestivum
436 322 446 339 ‚
471 299 600 350 (quae
638 294 814 338 absolute
841 296 892 339 ad
924 299 1239 356 vigintiquinque
1271 304 1405 342 uncias
1431 304 1678 358 porrigitur,

221 364 318 393 tunc
352 354 457 402 enirn
473 352 584 395 Mare
614 354 739 395 minus
757 355 895 409 Aquae
922 358 1104 399 continet
1133 363 1148 406 )
1175 386 1187 402 ‚
1218 359 1263 400 &
1292 360 1394 400 inter
1425 360 1683 402 intumescen-

220 412 318 451 tiam
333 438 344 455 ‚
374 423 477 464 quae
493 411 693 465 contingit
709 411 792 452 aliis
821 414 1066 469 temporibus
1083 444 1094 460 ,
1123 414 1263 458 Hieme
1280 415 1510 470 praesertim
1524 445 1533 453 .
1568 420 1681 459 Mare

220 467 325 508 enim
353 468 394 507 in
422 469 573 522 magnis
590 467 751 515 aestibus
767 470 882 513 tertia
895 484 1051 524 quaque
1080 471 1143 512 die
1159 471 1246 526 post
1259 472 1480 514 Novilunia
1497 502 1506 516 ‚
1537 475 1681 514 &Ple-

217 524 369 566 nilunia
393 521 542 581 semper
561 523 647 567 sere
663 526 712 566 ad
729 526 906 568 eamdem
931 526 1187 569 altitudinem
1215 527 1387 571 ascendit
1403 560 1414 575 ,
1448 529 1511 571 seu
1542 531 1680 571 eadem

219 578 323 636 signa
354 583 393 621 in
423 583 533 625 mole,
556 584 695 623 Portus
715 582 839 623 :nostri
864 585 1028 639 attingit
1046 613 1054 620 .
1085 586 1142 624 At
1157 601 1230 640 pro
1264 598 1369 628 terea
1387 583 1580 627 continuo
1597 601 1679 628 non

217 637 428 685 dicendum
445 636 593 692 semper
617 639 755 680 eodem
783 642 903 694 paCto
933 655 1036 682 mare
1071 602 1355 687 intumescere,
1386 642 1479 683 licet
1506 645 1545 683 in
1575 645 1682 684 intu-

218 694 429 736 mescentia
459 696 594 741 eadem
623 694 701 741 fere
730 693 836 751 signa
865 696 1013 753 semper
1043 700 1240 757 attingat;
1270 714 1361 740 nam
1379 699 1517 740 Hieme
1542 698 1682 741 subdu-

217 752 362 793 cendus
384 750 438 791 est
467 753 535 793 Pes
551 752 618 793 ille
646 754 854 808 Aquarum
871 784 880 799 ,
911 769 991 809 quo
1021 771 1128 797 mare
1153 754 1384 811 exsuperat.
1417 758 1678 812 Qapropter

217 819 314 850 tunc
332 822 412 849 non
426 809 640 851 dicendum
668 811 718 849 ad
743 812 1061 867 vigintiquinque
1080 842 1090 858 ‚
1125 811 1187 853 sed
1219 815 1269 854 ad
1299 813 1526 868 quindecim
1547 815 1680 854 uncias

217 875 372 906 tantum
399 866 647 910 intumuiffe,
679 865 771 906 licet
799 868 937 908 eadem
963 867 1068 922 figna
1092 868 1292 910 delibasset
1309 898 1317 905 -
1349 869 1440 910 Post
1466 869 1678 910 Solstitium

215 937 313 964 vero
332 923 549 969 Hibernum
579 923 765 976 Januario
796 923 922 964 mense
937 925 987 966 ad
1004 927 1165 978 triginta
1193 927 1325 966 uncias
1356 928 1400 966 ὅτ.
1427 926 1533 966 ultra
1564 925 1681 966 assur-

215 989 314 1033 gunt
332 981 471 1032 Aquae
487 1009 498 1026 ‚
524 990 566 1020 at
594 990 688 1020 tunc
719 994 877 1034 quoque
897 983 1086 1022 continuo
1104 996 1185 1022 non
1202 982 1255 1021 est
1270 980 1508 1022 afferendum
1540 983 1680 1037 trigin-

215 1047 258 1076 ta
288 1038 411 1076 unciis
440 1036 616 1077 absolute
645 1035 848 1078 ascendisse
877 1069 886 1083 ‚
925 1037 988 1079 sed
1021 1053 1086 1094 pes
1118 1038 1181 1078 ille
1212 1039 1371 1080 circiter
1414 1037 1563 1092 semper
1600 1040 1678 1080 hoc

215 1104 396 1148 tempore
429 1091 482 1133 est
510 1092 770 1134 detrahendus
797 1122 804 1130 .
838 1096 986 1135 Verum
1018 1094 1125 1136 missa
1139 1092 1442 1135 Intumescentia
1475 1096 1541 1135 ista
1558 1095 1680 1136 Rela,

214 1150 322 1194 tiva,
353 1151 551 1190 veniamus
576 1151 625 1190 ad
658 1151 827 1191 mediam
859 1179 869 1194 ‚
900 1166 1000 1205 quae
1029 1159 1040 1197 4
1070 1164 1115 1191 ut
1147 1152 1317 1192 diximus
1349 1154 1389 1191 in
1414 1152 1534 1192 titulo
1566 1182 1577 1197 ,
1609 1153 1678 1193 vix

214 1207 443 1260 quindecim
466 1208 608 1248 V-ncias
639 1205 870 1260 exsuperat,
900 1221 998 1261 quae
1028 1219 1135 1248 certe
1164 1208 1482 1254 immodica-non
1500 1209 1678 1253 videtur,

213 1272 346 1303 tamen
359 1262 413 1303 est
429 1274 566 1307 tanta,
600 1275 643 1304 ut
657 1276 725 1318 per
743 1264 845 1304 hanc
862 1262 975 1303 facile
1006 1262 1212 1318 appellant
1243 1266 1400 1317 navigia
1433 1266 1483 1305 ad
1513 1275 1678 1318 portum

214 1319 414 1364 nostrum,
443 1323 552 1361 &ex
566 1318 650 1376 ipso
681 1318 860 1374 solvant·
893 1321 941 1360 In
957 1318 1131 1373 Refluxu
1158 1320 1263 1360 enirn
1279 1317 1558 1373 saepenumero
1587 1320 1680 1371 hae,-i

213 1382 302 1418 rent
329 1377 367 1417 in
392 1375 495 1425 ficco
513 1405 523 1419 ‚
554 1391 676 1432 quare
692 1376 890 1419 interdum
919 1375 1016 1419 haec
1035 1375 1422 1432 quindecimuncialis
1440 1406 1450 1421 ,
1479 1375 1526 1418 sit
1553 1377 1678 1419 verbo

214 1435 328 1474 venia
353 1464 364 1480 ‚
396 1433 697 1478 intumescentia
730 1434 899 1489 navigiis
926 1434 1145 1491 majoribus·
1165 1430 1219 1474 est
1231 1435 1476 1488 expectanda
1492 1465 1504 1480 ‚
1534 1445 1579 1474 ut
1606 1448 1676 1490 ap-

213 1490 360 1547 p'essilere
390 1491 452 1534 vel
485 1490 636 1535 solvere
659 1489 806 1544 poffint
824 1519 833 1528 .
1563 1492 1565 1495 ’
1610 1511 1612 1513 -

213 1719 476 1815 Vidimus
505 1721 546 1761 in
579 1718 842 1776 superioribus
872 1716 1215 1761 intumescentiam
1257 1720 1448 1773 majorem
1479 1717 1598 1761 Maris
1625 1719 1675 1760 ad

345 1779 471 1818 Littus
495 1777 670 1818 nostrum
699 1778 1018 1834 vigintiquinque
1043 1776 1107 1817 vel
1126 1777 1288 1833 triginta
1319 1777 1451 1817 uncias
1485 1791 1567 1817 non
1607 1790 1674 1817 ex-

213 1837 352 1878 cedere
378 1865 389 1881 ,
420 1835 464 1877 &
494 1834 665 1876 mediam
692 1836 735 1874 in
765 1835 979 1886 majoribus
995 1832 1172 1873 Aestibus
1204 1833 1253 1872 ad
1283 1834 1510 1886 quindecim
1538 1834 1673 1873 uncias

211 1896 373 1935 circiter
402 1894 580 1950 porrigi·
609 1890 867 1937 Haec-tamen
896 1905 978 1935 non
1005 1888 1058 1930 est
1082 1888 1251 1944 aequalis
1267 1902 1338 1943 per
1354 1888 1576 1932 universum
1592 1887 1674 1930 Ha-

214 1951 426 1991 driaticum
456 1945 606 1990 finum,
629 1945 728 1988 ‘narn
760 1963 840 2003 quo
872 1949 995 2001 magis
1024 1948 1198 1988 Veneriis
1229 1948 1594 2000 appropinquamus
1623 1961 1672 1987 eo

209 2009 338 2059 major
367 2004 420 2045 est
432 2003 736 2046 Intumescentia
754 2035 764 2050 ,
788 2003 849 2045 seu
864 2003 1008 2046 Fluxus
1024 2006 1068 2045 &
1090 2002 1278 2044 Refluxus
1297 2034 1304 2042 .
1335 2004 1443 2044 Ante
1469 2003 1573 2043 diem
1593 2015 1672 2043 vn.

212 2063 406 2104 Calendas
436 2062 566 2115 Junias
598 2061 713 2118 elapsi
753 2063 846 2102 anni
888 2073 1228 2102 cmmccxxxvn.
1261 2060 1303 2100 in
1326 2059 1541 2101 Ravennae
1580 2073 1677 2114 por-

210 2129 256 2160 tu
274 2151 285 2166 ‚
315 2120 383 2174 qui
401 2120 741 2174 trigintaquinque
776 2129 930 2160 tantum
947 2118 1140 2159 milliariis
1175 2117 1362 2159 Italicisa
1378 2116 1509 2157 nostro
1524 2116 1642 2156 distat
1657 2144 1670 2161 ,

211 2178 253 2218 in
270 2191 350 2232 quo
366 2190 436 2232 per
452 2178 609 2219 noctem
640 2186 814 2217 moratus
841 2173 923 2216 sum
941 2203 951 2218 ,
983 2172 1186 2216 ob‘iervavi
1215 2174 1325 2214 Mare
1348 2173 1398 2213 ad
1414 2173 1673 2227 vigintiquin-

213 2248 290 2289 que
321 2235 451 2274 uncias
482 2236 524 2275 &
550 2233 653 2275 ultra
680 2231 930 2275 descendisse,
963 2229 1157 2273 descensus
1185 2230 1271 2272 sane
1301 2233 1370 2285 qui
1388 2233 1456 2271 vix
1472 2231 1578 2286 apud
1595 2244 1673 2275 nos>

211 2292 252 2331 in
274 2292 488 2343 majoribus
520 2290 681 2333 aestibus
720 2288 967 2345 contigisset,
996 2291 1041 2330 &
1070 2301 1203 2330 tamen
1226 2303 1272 2329 ea
1301 2302 1383 2328 nox
1412 2297 1551 2341 quarta
1579 2298 1667 2327 erat

214 2357 305 2388 ante
322 2348 566 2392 Novilunia,
597 2361 752 2404 tempus
785 2347 932 2389 scilicet
957 2362 1039 2402 quo
1066 2348 1194 2398 major
1218 2344 1339 2386 aestus
1372 2358 1452 2384 non
1468 2343 1665 2385 succedit.

215 2404 413 2444 Galilaeus
441 2407 481 2444 in
505 2406 680 2461 Dialogo
705 2417 849 2461 quarto
881 2402 1101 2459 Systernatis
1126 2401 1299 2444 Cosmici
1331 2401 1460 2442 afferit
1497 2400 1668 2440 Venetiis

212 2460 322 2502 Mare
351 2461 401 2502 ad
423 2464 597 2518 quinque
626 2464 691 2506 vel
719 2462 785 2507 sex,
816 2462 932 2517 pedes
961 2458 1218 2503 intumescere
1247 2490 1260 2508 ‚
1289 2473 1389 2514 quae
1416 2457 1671 2521 intumescen-

1617 2524 1674 2554 tia
