1814 2902
201 223 254 258 26
632 215 730 254 DE
787 208 1236 253 CONCHIS·

196 299 239 341 in
269 298 387 342 Colle
416 298 548 338 Saneti
578 296 743 338 Martini
771 300 811 336 in
840 300 982 351 viginti
1010 296 1132 351 vulgo
1157 296 1282 340 dieti,
1315 299 1384 352 qui
1415 303 1538 343 tertio
1570 312 1638 343 aut

200 367 347 410 quarto
363 353 495 409 lapide
525 355 576 394 ab
603 353 711 394 Vrbe
742 351 870 394 nostra
884 351 1000 394 distat
1016 381 1038 398 ,
1054 352 1277 406 hujusmodi
1293 356 1478 397 Dentales
1496 357 1638 400 fossiles

199 411 358 464 majoris
373 410 487 451 molis
512 411 616 450 inter
644 409 830 450 Conchas
859 408 953 451 alias
982 412 1110 450 omnis
1141 412 1316 465 generis,
1348 412 1573 467 praesertim
1597 417 1639 456 in

201 468 326 509 fundo
341 468 513 521 quodam
529 466 756 508 Gamharellz·
783 465 895 507 dieto
911 495 922 512 ,
939 466 1190 509 inveniuntur
1208 496 1216 503 ·
1247 469 1357 509 Vnus
1380 468 1537 510 istorum
1559 485 1641 512 ma-

199 527 331 578 jorum
347 523 573 564 Dentalium
590 521 770 564 fossilium
785 521 891 577 apud
916 537 979 563 me
1007 522 1060 562 est
1087 535 1260 578 quatuor
1277 525 1409 579 digitis
1427 525 1642 569 Parifienfi-

201 583 270 622 bus
286 581 423 634 longus
440 608 451 623 ‚
479 581 522 619 &
539 581 616 620 oris
633 582 713 633 ejus
729 580 918 620 diameter
935 581 1030 620 octo
1046 578 1155 628 lineis
1174 591 1305 633 patens
1325 612 1333 622 .

256 637 327 678 ΙΙΙ.
360 640 404 677 In
434 639 634 678 montibus
663 638 785 677 etiam
816 637 918 691 Agri
948 636 1196 678 Bononiensis
1228 636 1523 691 frequentissimi
1550 639 1640 681 sunt

196 693 383 736 Dentales
402 689 540 734 foffiles
558 721 568 736 ,
595 705 639 733 ut
669 691 945 748 saepenumero
975 694 1069 733 dum
1101 694 1201 734 illeic
1233 693 1346 734 studii
1375 695 1499 736 caussa
1523 697 1641 751 dege-

202 765 286 791 rem
304 750 510 791 observavi
526 764 603 791 una
629 763 718 791 cum
749 748 921 803 Josepho
948 752 1107 791 Montio
1140 750 1238 790 illius
1269 753 1507 793 Academiae
1527 754 1642 793 Bota-

198 810 290 848 nico
303 809 346 847 ὅζ
364 805 562 848 Historico
578 806 762 849 Naturali
793 805 931 861 insigni
948 835 956 842 .
992 808 1048 846 At
1065 808 1105 846 in
1122 808 1260 848 Monte
1276 808 1396 862 vulgo
1413 811 1503 849 della
1519 811 1641 851 Guar-

200 866 262 905 dia
278 864 386 905 dicto
404 877 528 920 prope
544 865 721 905 Porticus
739 892 748 906 ‚
781 864 823 902 &
838 862 1051 917 Templum
1070 864 1165 904 illud
1183 864 1436 920 magnificum
1455 867 1639 920 Vix-ginis,

195 920 417 974 hujusmodi
430 920 567 963 Testae
584 949 595 966 ‚
620 931 664 962 ut
692 922 735 960 &
765 918 957 960 Turbines
988 921 1116 963 varii,
1150 923 1192 961 &
1220 921 1298 961 alia
1323 922 1642 976 Conchyliorum

196 992 342 1033 genera
360 992 409 1019 ex
425 976 626 1018 durissimo
656 978 699 1017 &
728 976 944 1033 splendenti
973 976 1127 1017 Achate
1160 979 1260 1016 intus
1286 977 1490 1018 constant.
1525 978 1643 1018 Plura

200 1035 386 1090 exempla
402 1034 542 1074 horum
558 1033 788 1074 Dentalium
804 1061 814 1076 ‚
840 1034 883 1072 &
912 1033 1079 1074 aliorum
1109 1034 1424 1089 Conchyliorum
1443 1049 1492 1075 ex
1510 1035 1641 1076 Acha-

197 1103 237 1132 te
266 1091 369 1147 apud
400 1104 461 1131 me
492 1089 580 1132 sunt
597 1121 606 1137 ,
637 1105 738 1145 quae
763 1090 873 1131 dono
900 1090 1063 1130 dederat
1080 1090 1276 1144 praefatus
1293 1090 1471 1131 Montius
1488 1090 1643 1147 postea.

197 1162 317 1202 quam
340 1162 441 1204 aqua
463 1148 570 1203 regia
601 1157 645 1189 ut
673 1157 820 1188 vocant
849 1161 872 1187 a
902 1148 1054 1188 cortice
1085 1146 1252 1188 testaceo
1281 1147 1454 1204 perbelle
1487 1147 1645 1203 expoli-

197 1215 331 1246 verat.

607 1369 666 1428 C
692 1369 757 1428 A
780 1372 824 1429 P
850 1367 913 1429 V
944 1368 1003 1425 T
1088 1367 1149 1424 X
1168 1369 1243 1425 X.

198 1494 626 1533 CARYOPHYLLVS
670 1504 785 1533 srvis
825 1491 1086 1534 FvNGI‘res
1132 1504 1369 1534 MINIMVs
1415 1501 1642 1535 rvnvto‘-

518 1562 601 1588 svs
645 1559 896 1589 LIT‘rokls
936 1551 1333 1591 ARIMINENSIS.

202 1654 231 1692 I.
388 1650 462 1691 VC
489 1651 607 1691 etiam
638 1650 756 1691 retuli
785 1649 863 1692 hoc
885 1648 1116 1691 Testaceum
1140 1649 1415 1705 corpusculum
1431 1681 1441 1696 ,
1456 1650 1565 1706 quod
1594 1648 1641 1691 li-

402 1718 467 1749 cet
496 1705 543 1748 sit
573 1708 834 1760 Madreporae
865 1719 981 1762 genus
999 1734 1010 1750 ‚
1036 1706 1148 1749 &ad
1162 1705 1316 1762 plantas
1343 1706 1516 1762 lapideas
1548 1722 1642 1763 pro-

198 1769 290 1808 inde
319 1779 362 1809 ut
392 1763 556 1805 corallia
595 1763 843 1805 referendum
871 1794 884 1811 ‚
923 1774 1057 1805 tamen
1085 1765 1178 1818 quia
1215 1762 1442 1805 tubulosum
1481 1762 1558 1810 est,
1588 1762 1639 1805 ad

199 1825 380 1865 animalia
409 1823 531 1862 etiarn
563 1821 698 1862 referri
723 1819 875 1875 potest,
907 1831 954 1860 ut
984 1823 1027 1860 &
1055 1818 1312 1861 Tubulariam
1342 1820 1517 1861 referunt
1541 1833 1641 1860 non-

197 1880 318 1922 nulli.
353 1880 390 1921 Si
420 1876 544 1919 oculis
573 1879 677 1917 vitro
707 1875 900 1917 instrudtis
930 1876 1222 1932 conspiciatur,
1253 1888 1421 1932 apparet
1446 1891 1495 1917 ex
1514 1877 1640 1917 minu-

198 1935 346 1978 tissimis
363 1933 656 1976 &exstantibus
688 1932 831 1975 tubulis
862 1931 1040 1974 constans
1069 1933 1179 1975 velut
1207 1929 1333 1974 discus
1362 1931 1586 1974 flosculosus
1617 1947 1642 1973 a

200 1991 488 2036 Tournefortio
505 1990 633 2031 dic‘tus
651 2021 662 2037 ‚
683 1990 726 2031 ὅτ
743 2003 822 2030 non
838 1991 917 2043 ejus
933 1989 1171 2045 depravatae
1195 1987 1342 2043 figurae
1358 2018 1369 2033 ‚
1398 2002 1515 2044 quarn
1532 1991 1641 2045 Ope-

195 2067 264 2095 rae
287 2049 437 2091 nostrae
455 2048 541 2088 heic
559 2049 672 2088 nimis
686 2045 899 2099 oscitanter
914 2045 1115 2089 finxerunt
1145 2048 1186 2087 in
1213 2046 1365 2088 Tabula
1379 2047 1430 2087 11.
1450 2061 1555 2088 num.
1571 2048 1639 2087 IX.

198 2108 266 2149 sub
302 2108 441 2148 litteris
471 2104 651 2146 O.N-P.
682 2102 997 2160 Caryophyllum
1026 2106 1069 2145 &
1098 2104 1279 2156 Fungites
1308 2103 1504 2200 ffpellavi
1529 2103 1638 2158 quod

200 2161 433 2207 exstrinsece
449 2176 616 2218 parvum
628 2161 952 2218 Caryophyllum
969 2192 979 2206 ,
1010 2159 1072 2201 vel
1091 2158 1259 2214 fungites
1277 2159 1316 2200 fo
1347 2161 1398 2200 ile
1414 2159 1559 2201 referat
1571 2190 1579 2199 .

258 2224 309 2263 H.
343 2221 543 2273 Quoniam
560 2219 608 2259 de
623 2217 899 2275 Caryophyllo
930 2216 1045 2259 fossili
1072 2218 1213 2258 incidit
1229 2217 1294 2257 hic
1311 2214 1458 2263 sermo,
1487 2213 1642 2258 scireli-

201 2291 266 2321 cet
281 2273 504 2331 hujusmodi
525 2275 661 2318 foflilia
678 2306 688 2323 ,
702 2275 1016 2332 Caryophyllum
1034 2274 1161 2316 dieta,
1180 2274 1341 2329 reperiri
1358 2274 1580 2329 frequenter
1597 2276 1637 2314 in

200 2337 401 2377 montibus
430 2336 515 2389 agri
542 2333 660 2376 nostri
686 2362 696 2377 ‚
728 2334 773 2374 δί
803 2332 1033 2389 praesertim
1062 2333 1104 2372 in
1137 2333 1278 2373 Monte
1310 2331 1440 2372 Sancti
1473 2331 1637 2372 Martini

199 2396 240 2434 in
270 2407 324 2433 xx
340 2423 348 2437 ‚
379 2395 421 2433 ὃ(
436 2393 566 2433 smeu
584 2390 746 2443 Joannis
763 2393 803 2431 in
820 2390 1022 2431 Galilaea.
1052 2390 1228 2429 Vocatur
1259 2403 1281 2428 a
1311 2386 1542 2442 quibusdam
1559 2388 1639 2427 Ca..

204 2448 464 2506 ryophyllum
489 2447 610 2490 fossile
625 2479 635 2495 ,
669 2459 845 2492 ceterum
861 2448 1031 2489 arbitror
1045 2459 1164 2502 genus
1181 2443 1252 2488 effe
1270 2440 1638 2541 Madreporaeizseu

1572 2514 1638 2542 un.
