1814 2902
215 232 268 272 54
649 217 1219 261 SPECIMEN

213 303 389 348 mensum
412 302 582 345 crescere
603 305 646 345 &
675 303 902 349 decrescere
929 310 1065 362 ajunt.
1099 309 1176 351 Sed
1199 311 1340 353 eodem
1371 318 1491 369 paeto
1521 332 1662 374 proce-

214 362 342 405 dunt,
368 372 413 401 ut
443 375 520 416 ego
551 359 784 408 observavi,
816 365 992 418 Qintili
1012 365 1164 409 mense.

575 481 1120 532 PROPOSITIO
1186 489 1310 538 1111.

215 598 427 659 Qamvis
463 595 638 661 fingulis
656 598 809 648 diebus
837 600 1102 651 naturalibus
1137 602 1209 652 seu
1225 603 1524 670 nychthemeri
1565 606 1662 674 spa·

283 680 352 726 tio
386 676 476 725 duo
514 676 594 729 fint
630 683 757 730 maris
798 681 936 733 fluxus
972 714 988 740 ,
1027 686 1074 730 δε
1109 684 1201 734 duo
1233 685 1416 736 refluxus
1449 718 1464 744 ‚
1511 704 1660 742 tamen

284 759 472 824 quilibet
503 760 659 810 horum
692 763 762 816 sex
798 764 915 812 horis
950 782 1149 815 accurate
1188 783 1276 815 non
1307 767 1573 828 absolvitur3
1610 788 1661 825 ut

286 841 393 894 alter
434 841 556 895 alteri
594 844 647 891 fit
682 843 870 908 aequalis
903 879 916 890 .
949 846 1034 893 Sed
1069 847 1208 895 fluxus
1244 863 1351 899 unus
1395 851 1480 904 hoc
1520 851 1662 916 spatio

285 923 451 989 semper
490 926 628 985 major
660 925 718 974 est
749 926 890 974 altero
920 959 933 978 ,
969 927 1035 973 Ita
1064 927 1158 987 ejus
1191 929 1375 983 refluxus
1412 932 1571 995 pariter
1604 932 1665 984 est

286 1007 425 1068 major
456 1025 472 1062 3
522 1003 662 1078 quue
709 1006 867 1059 accidit
908 1009 952 1063 in
995 1008 1061 1059 his
1099 1027 1193 1060 tum
1231 1029 1322 1076 quo
1358 996 1420 1066 ad⁴
1456 1014 1665 1078 temporis

285 1088 618 1142 diuturnitatem
672 1120 688 1155 ρ
739 1106 832 1145 tum
878 1106 969 1156 ‘quo
1012 1091 1069 1145 ad
1115 1111 1327 1159 aquarum
1376 1095 1665 1149 intumescen-

286 1172 391 1218 tiam
430 1201 444 1226 ‚
491 1174 535 1215 &
583 1171 966 1228 detumescentiam
1022 1211 1034 1228 ,
1086 1163 1255 1225 Aestate
1304 1175 1480 1239 quidem
1524 1177 1665 1238 major

288 1252 426 1300 fluxus
486 1254 700 1319 contingit
754 1256 870 1309 circa
921 1257 1110 1304 mediam
1161 1243 1332 1311 ῃοέὶειῄ
1373 1287 1388 1311 ,
1434 1260 1478 1302 &
1522 1260 1661 1317 major

287 1333 472 1382 refluxus
532 1338 701 1384 oriente
751 1337 851 1391 Sole
892 1372 903 1385 .
963 1339 1117 1387 Hieme
1174 1355 1279 1387 vero
1332 1354 1486 1387 contra
1532 1339 1670 1398 major

289 1414 432 1465 fluxus
480 1418 701 1482 contingit
734 1420 845 1467 circa
881 1420 1106 1473 meridiem
1138 1451 1153 1482 2
1208 1423 1254 1474 &
1297 1421 1436 1482 major
1486 1420 1670 1479 refluxus

300 1496 535 1548 occidente
569 1499 670 1546 Sole
688 1533 700 1546 .
1655 1501 1659 1508 ’

350 1596 1247 1677 .>fsc‡101„1,VM‚

220 1733 311 1827 A
331 1733 473 1777 Ssertio
504 1734 601 1776 haec
633 1737 831 1783 videbitur
862 1738 1024 1795 quidem
1053 1737 1179 1794 vulgo
1203 1728 1367 1784 absurda
1385 1768 1394 1782 ,
1415 1754 1537 1794 quum
1567 1737 1673 1794 apud

345 1795 494 1840 omneis
520 1794 661 1841 trjtum
690 1796 733 1835 &
766 1791 933 1852 vulgare*
966 1795 1011 1837 fit
1041 1810 1148 1842 mare
1172 1794 1327 1849 singulis
1355 1795 1416 1843 sex
1445 1798 1552 1838 hmis
1590 1810 1674 1836 cre-

217 1852 347 1894 scere,
379 1853 423 1892 &
448 1849 605 1906 singulis
631 1851 693 1893 sex
718 1852 824 1892 horis
851 1851 1075 1899 decrescere
1092 1882 1102 1897 ,
1135 1849 1196 1898 seu
1220 1851 1370 1906 singulis
1398 1852 1462 1894 sex
1486 1853 1592 1893 horis
1623 1853 1673 1892 ad

219 1910 332 1950 littus
361 1909 548 1950 accedere
563 1935 573 1950 ‚
597 1909 640 1948 &
656 1909 798 1950 eodem
817 1909 945 1964 spatio
962 1909 1145 1950 recedere
1162 1925 1172 1954 5
1204 1910 1350 1950 vesum
1382 1908 1574 1951 verissima
1591 1912 1676 1949 cui-

219 1966 318 2012 libet
331 1966 489 2022 patebit
505 1995 515 2011 ‚
531 1967 599 2019 qui
615 1965 907 2008 observationes
923 1977 1123 2007 accuratas
1142 1965 1318 2013 instituat
1334 1995 1343 2009 ,
1376 1978 1420 2007 ut
1440 1982 1509 2007 nos
1527 1966 1672 2024 pluries

219 2023 378 2079 experti
410 2021 564 2067 sumus;
595 2022 712 2078 idque
745 2023 948 2065 manifesto
983 2023 1293 2078 deprehenditur
1325 2025 1363 2063 in
1389 2026 1540 2080 magnis
1567 2022 1674 2064 aesti-

220 2081 291 2121 bus
321 2081 438 2120 tertia
467 2080 534 2121 illa
563 2079 626 2122 die
656 2080 743 2137 post
771 2081 973 2121 novilunia
995 2109 1005 2124 ‚
1035 2082 1096 2122 vel
1126 2080 1214 2136 post
1243 2081 1487 2136 plenilunia‚
1521 2084 1563 2122 &
1596 2096 1676 2122 ma*

221 2138 330 2179 xime
358 2151 405 2178 ea
434 2137 525 2179 luna
549 2169 559 2184 ,
589 2153 689 2193 quae
720 2137 880 2185 solstitia,
911 2139 1092 2193 proxime
1123 2137 1294 2193 sequitur
1322 2169 1331 2184 ‚
1362 2153 1438 2192 qua
1460 2169 1469 2184 ,
1501 2149 1545 2178 ut
1575 2138 1674 2178 dixi-

225 2208 308 2235 mus
326 2221 336 2237 ,
369 2193 737 2241 fluxus&refluxus
755 2198 925 2249 majores
959 2194 1106 2251 semper
1134 2196 1377 2250 contingunt
1435 2194 1675 2235 Observavi-

225 2265 311 2295 mus
344 2254 449 2294 enim
478 2265 566 2294 tum
596 2267 785 2308 aquarum
815 2254 1026 2294 circuitum
1061 2284 1070 2298 ‚
1101 2251 1162 2293 seu
1193 2252 1403 2306 periodum
1444 2281 1451 2295 ‚
1487 2252 1670 2293 fluxum-2

223 2320 366 2362 nempe
396 2313 440 2351 ὃ(
471 2310 663 2352 refluxum
680 2325 803 2352 unum
832 2310 881 2351 ad
897 2310 1033 2351 decem
1051 2309 1197 2366 septem
1213 2338 1224 2354 ‚
1257 2309 1319 2351 vel
1343 2310 1388 2349 ad
1412 2309 1548 2350 decem
1579 2312 1674 2352 0610

224 2364 337 2405 horas
364 2368 524 2422 potrahi
543 2399 554 2415 ,
597 2370 641 2416 ὃς
671 2368 841 2416 alterum
871 2369 1078 2408 circuitum
1122 2367 1247 2409 fluxus
1279 2370 1321 2408 ὃς
1354 2366 1522 2408 refluxus
1561 2368 1676 2422 quin-

225 2436 300 2476 que
333 2425 394 2465 vel
425 2421 486 2466 sex
517 2426 621 2467 horis
651 2424 823 2468 absolvi.
854 2427 1093 2467 Notavimus
1111 2437 1313 2481 praeterea
1334 2425 1542 2479 periodum
1564 2423 1674 2465 reflu-

226 2492 296 2520 xus
316 2477 463 2538 semper
489 2483 626 2538 paullo
657 2486 851 2537 majorem
879 2482 950 2523 effe
975 2496 1093 2536 quam
1121 2483 1331 2537 periodum
1349 2480 1502 2523 fluxus.
1536 2484 1674 2534 Aquae

1569 2553 1674 2580 emm
