1814 2902
223 215 273 263 56
668 211 1228 262 SPECIMEN

595 320 1139 373 PROPOSITIO
1208 329 1295 377 Vl.

219 414 340 461 Mare
378 410 678 465 Hadriaticum
729 416 774 464 in
808 417 976 468 Littore
1011 416 1266 470 Ariminensi
1307 420 1459 472 ceteris
1497 424 1667 491 paribus

241 496 245 562 J
287 493 406 545 velut
437 495 661 554 Flumina,
689 500 922 549 Torrentes
939 530 954 557 ‚
975 504 1173 554 &Lacus
1203 520 1357 559 omnes
1373 534 1389 562 2
1409 504 1506 575 plus
1533 525 1668 574 aqua-

288 594 384 627 rum
411 580 604 634 continet
636 581 777 632 hieme
811 572 944 648 quam
976 585 1132 636 aestate
1149 620 1161 636 .

581 690 1308 751 ‘SCHOLIVM.„

221 775 288 862 P
307 770 522 827 Ropofitio
554 775 680 823 haec,
710 792 830 832 quam
855 778 970 821 instar
1001 781 1193 823 lemmatis
1224 779 1424 835 cujusdam
1453 782 1503 824 ad
1533 782 1669 824 melius

322 829 575 873 declarandas
605 833 895 889 propositiones
911 835 1124 893 sequenteis
1140 840 1206 889 hic
1223 841 1406 895 ponimus
1422 867 1432 883 ‚
1463 842 1593 895 potius
1613 840 1665 881 ad

218 904 328 930 mare
353 898 556 944 tamquam
587 906 772 946 magnum
789 892 993 936 Fluentum
1022 895 1338 940 consideratum',
1364 911 1483 950 quam
1513 897 1562 937 ad
1587 912 1668 938 ma·-

218 962 262 988 1e
287 947 452 1007 proprie
476 945 646 995 sumtum
662 952 854 1005 pertinet.
887 953 1133 995 Mare-enim
1149 952 1324 996 nostrum
1354 953 1483 994 hieme
1515 951 1668 1013 semper

216 1005 343 1059 magis
373 1003 568 1046 elevatum
585 1005 663 1053 est,
688 1009 834 1051 &urbi
850 1011 1001 1053 nostrae
1031 1010 1326 1068 proquinquius,
1348 1025 1470 1066 quam
1501 1009 1668 1056 aestate:

215 1062 344 1116 quue
374 1074 568 1116 perpetuo
607 1078 679 1119 per
710 1068 1028 1123 quinquennium
1061 1072 1322 1126 cognovimus
1352 1083 1401 1110 ex
1431 1069 1533 1108 notis
1565 1066 1667 1114 illis,

217 1133 314 1174 quas
341 1133 456 1159 muro
474 1123 677 1166 interiori,
704 1126 748 1164 &
771 1127 869 1181 palis
894 1128 1155 1169 exterioribus
1179 1137 1315 1183 portus
1343 1124 1463 1166 nostri
1485 1123 1669 1179 apposui-

217 1191 330 1220 mus.
362 1176 446 1216 Alii
473 1178 665 1219 videbunt
695 1192 830 1222 utrum
854 1184 934 1224 hoc
965 1186 1176 1240 contingat
1207 1195 1377 1239 propter
1394 1185 1560 1235 majores
1578 1181 1668 1236 plu-

216 1236 298 1276 vias
316 1262 325 1277 ‚
351 1234 578 1290 &propter
595 1238 802 1292 ingreffum
834 1244 1028 1294 majorem
1059 1255 1248 1297 aquarum
1276 1239 1483 1285 fluminum
1513 1240 1551 1278 in
1584 1253 1670 1284 ma.-

218 1306 261 1333 re
292 1291 421 1331 hieme
458 1306 575 1345 quam
608 1293 751 1335 aestate
782 1312 791 1341 3
821 1312 871 1337 an
906 1296 1078 1352 vpropter
1118 1299 1313 1338 minorem
1344 1297 1669 1350 evaporationem

218 1363 411 1403 aquarum
442 1351 559 1389 maris
590 1365 612 1391 a
642 1351 759 1391 radiis
777 1354 975 1399 Solaribus
994 1353 1137 1395 saetam
1153 1354 1319 1395 hiberno
1340 1365 1520 1408 tempore
1549 1367 1668 1408 quam

218 1405 366 1448 aestivo
390 1437 398 1445 .
431 1406 619 1448 Nostrum
646 1409 770 1450 modo
801 1410 855 1452 est
885 1409 1174 1454 observationes
1216 1411 1428 1469 praecipue
1462 1438 1471 1453 ‚
1503 1410 1670 1464 &quae

216 1465 371 1522 patitur
400 1479 507 1505 mare
536 1465 678 1507 referre
694 1497 705 1512 ,
736 1481 816 1508 non
833 1471 1081 1522 conjecturas
1099 1469 1301 1510 declarare
1317 1499 1327 1513 ,
1344 1469 1398 1511 ¹&
1417 1465 1668 1522 hypotheseis

218 1518 468 1574 confingere.
499 1523 620 1563 Certe
648 1521 674 1562 fi
704 1537 752 1563 ex
782 1526 958 1569 adventu
975 1529 1173 1579 majorum
1190 1539 1379 1580 aquarum
1413 1538 1484 1578 per
1511 1523 1672 1565 flumina

218 1594 327 1622 mare
357 1579 483 1620 hieme
507 1577 657 1620 crescat
674 1611 684 1626 ,
713 1595 875 1624 corruet
904 1581 1058 1623 celebre
1076 1614 1085 1629 ,
1116 1585 1159 1623 δε
1187 1582 1349 1637 vulgare
1367 1580 1464 1621 illud
1480 1580 1640 1621 effatum
1657 1611 1668 1626 ‚

217 1636 327 1692 quod
360 1651 466 1677 mare
495 1637 667 1678 adventu
708 1652 901 1680 novarum
941 1654 1132 1693 aquarum
1170 1638 1320 1694 semper
1352 1639 1457 1678 idem
1489 1648 1669 1681 maneat„

218 1695 357 1736 Manet
385 1694 545 1747 quidem
577 1692 726 1749 semper
757 1697 862 1737 idem
901 1697 1027 1737 oculis
1058 1696 1284 1751 vulgarium
1316 1695 1525 1736 hominum
1551 1723 1560 1738 ‚
1591 1709 1672 1736 non

216 1767 314 1794 vero
345 1750 493 1807 semper
525 1752 629 1792 idem
647 1755 823 1795 manebit
840 1753 1091 1809 Philosophis
1114 1756 1157 1794 &
1173 1753 1468 1795 Mathematicis
1487 1781 1496 1796 ,
1529 1754 1596 1807 qui
1613 1766 1671 1792 res

216 1809 393 1851 subtilius
411 1810 454 1849 ὃς
470 1811 688 1854 accuratius
714 1812 942 1866 expendunt
958 1838 966 1847 ·
996 1810 1241 1852 Cartefianus
1260 1811 1396 1865 aliquis
1414 1809 1671 1865 philosophus

217 1867 309 1908 heic
341 1866 496 1908 fortaffe
526 1867 741 1907 concludat
758 1867 877 1910 licet,
909 1881 1027 1922 aquas
1060 1870 1177 1907 maris
1203 1883 1224 1908 a
1249 1865 1356 1907 disco
1382 1865 1478 1905 Solis
1504 1881 1585 1906 non
1615 1877 1673 1906 at-

217 1924 350 1966 trahi,
382 1933 426 1963 ut
456 1923 706 1964 contendunt
732 1925 925 1965 Newtoni
957 1923 1163 1979 discipuli;
1194 1926 1286 1979 quia
1318 1937 1442 1981 quum
1466 1920 1671 1978 depressius

217 1980 264 2023 sit
294 1995 402 2021 mare
427 1981 532 2037 apud
560 1993 630 2020 nos
661 1982 821 2035 quando
851 1983 915 2026 Sol
948 1984 1069 2036 magis
1087 1982 1294 2023 &diutius
1330 1981 1471 2022 vertici
1502 1982 1545 2020 &
1572 1982 1671 2022 mari

217 2037 351 2080 nostro
381 2038 577 2079 incumbit
594 2068 604 2083 ,
632 2049 677 2078 ut
708 2040 854 2080 accidit
869 2037 1013 2081 aestate
1030 2071 1039 2085 .
1065 2053 1184 2094 quam
1201 2039 1361 2094 quando
1379 2039 1519 2079 vertici
1535 2041 1578 2079 ὃς
1595 2053 1674 2079 ma-

219 2098 252 2138 ri
284 2095 527 2151 populorum
552 2093 829 2151 hemisphaerii
859 2095 1055 2138 inferioris
1082 2126 1093 2140 ,
1123 2108 1167 2137 ut
1197 2097 1325 2138 hieme
1356 2111 1366 2141 3
1400 2095 1439 2135 id
1474 2093 1560 2136 fieri
1591 2110 1672 2140 non

219 2153 325 2210 poffe
343 2180 353 2197 ‚
377 2151 537 2194 affumet
560 2152 805 2195 Cartefianus
822 2186 832 2201 ‚
858 2156 1098 2198 attradtione
1127 2155 1298 2213 quadam
1317 2182 1326 2196 ,
1359 2166 1481 2207 quum
1512 2164 1673 2194 contra-

219 2213 322 2254 rium
353 2213 563 2265 contingat
589 2240 599 2254 ,
624 2226 742 2265 quam
774 2213 1005 2266 contingere
1036 2212 1196 2252 deberet
1214 2240 1222 2248 .
1266 2211 1522 2251 Attractione
1552 2211 1673 2265 igitur

220 2268 435 2310 concludet
464 2266 706 2310 Cartefianus
738 2272 853 2311 maris
885 2284 942 2310 res
975 2284 1054 2310 non
1071 2281 1263 2325 geruntur
1281 2299 1291 2315 ‚
1322 2267 1384 2308 sed
1413 2265 1578 2323 impulsu
1597 2296 1606 2310 ,
1630 2268 1674 2307 &

221 2323 533 2380 compreffione.
565 2327 641 2367 Cui
664 2338 846 2368 occurret
861 2329 1048 2368 Newtoni
1073 2324 1282 2381 discipulus
1299 2354 1308 2369 ‚
1343 2326 1387 2364 &
1414 2339 1493 2364 non
1511 2325 1672 2380 negabit

221 2384 377 2439 quidem
408 2382 551 2425 aestivo
582 2394 764 2438 tempore
794 2385 922 2425 Solem
940 2386 1061 2440 magis
1080 2386 1123 2424 &
1139 2384 1286 2424 diutius
1303 2414 1313 2429 ,
1343 2384 1386 2422 ὅ(
1401 2383 1449 2422 ad
1467 2381 1675 2438 perpendi-

218 2440 352 2483 culum
382 2438 461 2481 fere
493 2442 805 2482 vertici&mari
823 2440 955 2483 nostro
986 2443 1240 2486 incumbere;
1273 2454 1409 2482 verum
1440 2453 1563 2494 quum
1594 2438 1672 2478 hoc

221 2509 400 2554 tempore
429 2497 493 2539 Sol
519 2496 565 2540 fit
596 2499 636 2539 in
667 2514 873 2557 apogaeo‚
905 2497 969 2541 seu
995 2514 1018 2540 a
1044 2500 1155 2540 nobis
1188 2499 1382 2540 remotior
1401 2528 1412 2543 ,
1442 2496 1496 2537 nil
1526 2497 1675 2561 mirum

1524 2563 1674 2608 mquoet
