1814 2902
550 193 832 235 MINVS
893 187 1169 232 NOTIS
1528 201 1582 241 33

141 281 233 321 teris
258 279 298 318 >C
326 279 370 319 &
400 280 445 319 M
472 294 630 321 eernere
646 280 765 321 licet.
790 276 904 319 Solen
921 291 1015 317 vero
1030 289 1111 315 mas
1127 305 1138 321 ‚
1161 285 1279 328 quem
1306 269 1392 312 heic
1423 271 1581 311 recude-

146 351 190 377 re
218 338 438 377 curavi-mus
454 337 594 391 Figura
609 338 676 377 VI·
709 336 778 376 sub
804 334 939 374 littera
965 334 1006 372 G
1035 331 1171 371 eadem
1201 329 1352 370 Tabula
1369 357 1378 372 ,
1411 326 1504 368 teste
1530 330 1586 367 A.

148 392 320 435 thenaeo
335 394 377 434 ὅ(
391 393 519 443 Plinio
532 421 544 437 ‚
575 391 735 448 ipsoque
750 388 996 433 Rondeletio
1012 415 1024 431 ,
1050 386 1104 435 est
1117 385 1231 427 Testa
1244 385 1424 426 caeruleo
1446 384 1581 426 colore

146 450 293 490 donata
308 477 319 492 ‚
349 452 394 490 &
424 450 532 490 lineis
547 450 644 490 albis
661 463 731 504 per
747 443 1000 488 transversum
1018 474 1029 490 ,
1058 441 1244 497 flavisque
1274 454 1345 496 per
1364 441 1583 494 longitudi-

143 520 235 546 nem
260 504 437 546 distincta
453 537 464 552 ,
494 507 553 546 uti
569 506 699 560 quoad
722 504 912 545 linearum
938 502 1194 542 directionem
1217 499 1351 540 videre
1379 496 1432 537 est
1457 499 1494 537 in
1512 513 1582 539 no-

141 561 220 604 stra
235 559 358 617 figura
374 594 382 602 .
409 563 610 604 Praeterea
634 562 832 603 cardinem
863 557 927 600 seu
957 559 1113 614 nigrum
1129 555 1330 596 vinculum
1347 582 1358 598 ‚
1397 565 1443 594 ut
1469 555 1585 595 Ron-

146 618 312 660 deletius
331 629 450 661 vocat
465 647 477 662 ,
508 620 548 660 in
571 631 683 674 parte
711 620 792 672 ejus
821 625 999 657 extrema
1026 614 1144 655 habet
1160 641 1171 657 ‚
1197 627 1276 652 non
1292 613 1332 651 in
1349 611 1476 651 media
1493 639 1504 654 ,
1536 622 1580 653 ut

145 673 304 716 Femina
334 675 541 720 unicolor,
568 676 632 717 seu
661 686 748 716 tota
773 671 1006 716 flavescens.
1035 671 1149 712 Solen
1178 669 1266 712 heic
1301 668 1443 723 femina
1471 669 1581 710 dicota

146 730 201 772 est
232 746 312 773 non
341 733 449 787 quod
481 730 603 788 rei-psa
633 733 720 773 talis
747 729 818 777 fit,
847 743 970 785 quum
994 728 1270 783 androgynum
1284 725 1356 768 effe
1369 736 1584 781 utrumque

141 802 263 842 genus
284 789 493 844 probabile
507 787 552 830 fit
565 816 577 832 ‚
609 799 655 830 ut
669 790 709 829 in
724 787 897 829 Conchis
912 786 1095 827 omnibus
1113 785 1261 826 accidit
1278 814 1289 829 ‚
1323 796 1422 837 quae
1438 784 1585 824 immo-

143 844 241 885 biles
263 843 376 886 sunt.
406 846 476 886 Sed
505 845 674 892 ,alterum
700 859 820 902 genus
848 842 902 885 est
929 844 979 888 ab
1007 842 1134 885 altero
1151 841 1267 896 plane
1283 840 1488 884 differens;
1519 839 1583 881 sed

143 899 337 943 seminam
368 912 582 957 propterea
595 895 674 944 dici
686 903 862 944 arbitror
879 932 889 947 ‚
920 900 1026 955 quod
1060 901 1164 940 mole
1195 901 1322 940 minor
1341 897 1490 951 semper
1506 895 1553 938 fit
1570 927 1578 935 .

142 956 464 1012 Frequentiffima
487 959 602 1001 Testa
615 960 720 1014 apud
737 974 808 1000 nos
822 957 875 999 est
891 988 901 1003 ,
927 972 1047 1013 quam
1077 955 1202 997 mense
1236 957 1387 997 Martio
1415 953 1583 1010 praeser-

140 1015 214 1055 tim
245 1030 322 1056 una
338 1030 429 1056 cum
446 1017 567 1057 altera
582 1016 714 1058 rustici
741 1017 849 1057 littus
875 1016 989 1056 maris
1015 1013 1230 1054 incolentes
1261 1014 1299 1052 in
1324 1013 1474 1066 magnis
1501 1027 1582 1053 ma-

137 1072 190 1114 ris
207 1069 409 1115 receffibus
426 1087 475 1114 ex
493 1088 610 1114 arena
639 1073 832 1114 effodiunt
851 1105 858 1112 .
884 1073 958 1113 -Sed
987 1084 1152 1125 utraque
1167 1073 1207 1111 in
1225 1069 1372 1110 deliciis
1384 1069 1491 1124 *apud
1510 1083 1579 1111 nos

137 1141 219 1169 non
234 1130 289 1169 ita
305 1127 359 1169 est
372 1156 383 1172 ‚
398 1139 443 1170 ut
457 1130 562 1185 apud
578 1131 862 1186 Neapolitanos
879 1157 891 1173 ‚
923 1131 991 1183 qui
1006 1126 1169 1169 obsonia
1185 1154 1195 1169 ,
1228 1127 1272 1165 &
1288 1125 1497 1180 pulmenta
1513 1141 1581 1167 va·-

139 1184 199 1224 ria
213 1183 439 1238 hujusmodi
452 1186 627 1227 Conchis
645 1201 718 1227 orn
727 1198 797 1227 ant
812 1213 823 1230 ,
853 1199 950 1241 quas
976 1185 1204 1226 Canaliculos
1221 1184 1278 1223 uti
1296 1184 1338 1223 ὃς
1356 1196 1424 1222 nos
1445 1182 1582 1238 appel-

139 1239 258 1281 litant
275 1268 284 1278 .
314 1240 530 1286 Observavi
559 1243 722 1285 Solenes
753 1245 893 1284 mareis
922 1242 1049 1283 dictos
1078 1242 1119 1282 in
1149 1238 1332 1280 intestinis
1355 1239 1493 1280 album
1511 1253 1585 1281 ex-

138 1310 386 1338 crementum
413 1300 650 1346 continere,
683 1299 849 1340 feminas
881 1301 1068 1353 nigrum.
1097 1296 1278 1337 Solenem
1301 1297 1406 1338 hunc
1422 1324 1433 1340 ‚
1465 1310 1582 1351 quem

141 1351 325 1395 feminam
350 1368 480 1398 voco,
512 1370 593 1396 non
623 1357 789 1411 agnovit
820 1356 1013 1396 Martinus
1038 1352 1229 1398 Listerus,
1264 1355 1333 1408 qui
1367 1353 1459 1394 licet
1488 1369 1582 1395 eum

137 1409 189 1449 ad
221 1412 356 1451 vivum
390 1412 589 1465 pinxerit,
614 1425 748 1454 tamen
771 1414 871 1453 male
902 1414 1002 1452 inter
1033 1410 1224 1452 Pholades
1243 1410 1404 1451 retulit·
1436 1410 1582 1456 Phola-

137 1466 205 1506 des
223 1469 331 1511 enim
347 1481 426 1509 non
458 1470 497 1511 in
511 1471 662 1515 arenis,
691 1468 755 1510 sed
785 1471 826 1510 in
854 1467 951 1510 saxis
981 1465 1189 1509 durissimis
1218 1467 1390 1520 degunt.
1422 1467 1579 1511 Praete—

136 1537 203 1565 rea
218 1523 365 1566 diversa
381 1527 548 1566 omnino
577 1524 631 1566 est
660 1525 879 1568 Pholadum
907 1524 1099 1566 structura
1115 1556 1125 1564 .
1159 1523 1307 1564 Merito
1332 1524 1459 1578 igitur
1474 1525 1578 1567 inter

136 1593 196 1622 res
230 1581 355 1623 minus
382 1594 494 1623 notas
525 1582 693 1624 Solenen
714 1582 816 1624 hanc
849 1580 1033 1624 seminani
1065 1581 1144 1622 huc
1176 1580 1380 1621 retulimus
1406 1609 1418 1625 ‚
1457 1594 1577 1635 quum

137 1635 225 1690 post
256 1636 503 1679 Athenaeum
529 1640 574 1680 &
601 1640 767 1679 Plinium
797 1654 915 1680 nemo
946 1654 1033 1681 eam
1057 1639 1265 1692 agnoverit
1294 1665 1305 1681 ,
1338 1652 1386 1678 ne
1414 1639 1578 1679 Ronde·

141 1691 256 1734 letius
271 1695 431 1748 quidem
446 1697 490 1736 ὃ(
503 1693 666 1749 Listerus
681 1695 761 1736 duo
773 1696 977 1751 praeclara
1007 1697 1048 1737 in
1084 1694 1186 1736 hisce
1212 1695 1325 1736 rebus
1343 1695 1492 1737 lumina
1509 1711 1519 1722 ·

194 1751 244 1790 ΙΙ.
276 1751 432 1792 Praeter
461 1751 559 1793 duos
590 1764 829 1794 memoratos
860 1752 1014 1795 Solenes
1033 1783 1042 1797 ,
1075 1753 1209 1792 tertius
1236 1751 1324 1793 heic
1352 1753 1574 1808 reperitur,

138 1807 291 1848 duobus
315 1807 393 1847 illis
410 1806 561 1862 semper
591 1811 722 1849 minor
748 1810 792 1850 ὃ(
819 1811 945 1850 rarior
975 1825 997 1850 a
1021 1807 1170 1852 Listero
1200 1808 1379 1863 depictus
1397 1840 1406 1854 ,
1438 1811 1504 1864 qui
1521 1824 1578 1850 re-

136 1864 223 1904 ‘stus
250 1877 330 1904 non
356 1862 437 1908 est,
467 1862 530 1906 sed
562 1864 676 1906 instar
708 1863 799 1906 enfis
830 1866 1050 1919 Hungarici
1078 1863 1242 1906 falcatus
1272 1897 1280 1904 .
1311 1867 1455 1907 Cetera
1484 1880 1576 1909 cum

137 1934 244 1962 mare
260 1923 447 1962 convenit
461 1951 472 1966 ‚
502 1923 645 1976 quique
659 1937 741 1963 non
756 1924 888 1979 inepte
919 1922 1083 1965 describi
1099 1919 1245 1978 poffet:
1273 1921 1389 1963 Solen
1407 1937 1486 1963 mas
1502 1924 1576 1963 mi-

138 1990 213 2019 nor
228 1977 271 2017 ὅ(
288 1978 412 2018 rarior
430 1977 548 2018 instar
564 1978 782 2033 Hungarici
795 1977 888 2019 ensis
905 1978 1070 2020 falcatus
1087 2011 1096 2019 .

198 2034 270 2075 III.
313 2034 518 2085 Qoniam
548 2034 726 2076 Solenem
756 2033 942 2076 feminam
981 2037 1032 2077 ad
1069 2035 1261 2078 Pholadas
1290 2035 1425 2077 retulit
1456 2036 1576 2080 Liste-

140 2103 203 2130 rus
220 2117 231 2133 ‚
255 2088 366 2131 hasce
383 2091 479 2131 mihi
496 2093 535 2132 in
551 2094 784 2134 memoriam
806 2095 1009 2135 revocavit
1024 2122 1035 2137 ‚
1063 2108 1163 2148 quae
1179 2095 1218 2133 in
1233 2091 1329 2134 saxis
1356 2094 1405 2134 ad
1432 2093 1573 2137 ostium

138 2145 261 2190 nostri
296 2159 436 2201 portus
459 2149 654 2189 interdum
685 2152 956 2205 reperiuntur.
988 2153 1045 2192 Ex
1067 2151 1127 2193 his
1155 2152 1259 2191 enim
1282 2150 1423 2190 eodem
1451 2155 1573 2206 padio

143 2205 205 2244 uti
232 2218 281 2245 ex
297 2204 433 2245 Solene
464 2207 546 2246 exit
570 2207 818 2249 vermiculus
846 2207 962 2249 instar
991 2209 1192 2249 Lumbrici
1216 2206 1425 2254 terrestris,
1451 2220 1496 2250 ut
1521 2211 1577 2250 vi-

138 2259 233 2300 dere
257 2260 311 2301 est
339 2263 443 2317 apud
459 2265 501 2304 P.
517 2264 762 2306 Bonannium
781 2298 787 2303 .
815 2267 948 2318 Major
971 2267 1014 2305 ὃς
1044 2268 1173 2306 minor
1189 2263 1243 2305 est
1260 2264 1399 2306 Pholas
1416 2293 1427 2309 ‚
1457 2265 1519 2307 sed
1536 2268 1577 2308 in

141 2315 261 2359 dorso
291 2317 488 2373 utriusque
512 2320 604 2360 duas
635 2321 881 2376 cartilagines
913 2322 1092 2364 mobileis
1122 2321 1354 2368 observavi,
1382 2337 1482 2377 quae
1506 2339 1570 2365 ve-

139 2373 203 2416 lut
219 2373 302 2414 alae
319 2402 330 2418 ‚
363 2373 424 2416 seu
453 2376 627 2418 cardines
652 2376 739 2418 sunt
756 2410 767 2425 ‚
795 2380 936 2434 quibus
960 2380 1107 2421 facilius
1137 2379 1282 2420 animal
1312 2380 1414 2420 intra
1441 2379 1572 2423 saxum

137 2442 371 2477 moveatur,
402 2431 604 2492 ipsumque
631 2435 765 2478 melius
782 2438 945 2480 arrodat
975 2439 1318 2492 perterebretque,
1349 2437 1392 2477 &
1412 2435 1572 2480 saxeum

945 2496 973 2535 E
1493 2510 1571 2537 car-
