1814 2902
190 255 246 287 70
644 238 1210 281 SPECIMEN

189 343 236 369 ne
261 327 387 368 Maria
413 324 558 372 Cella,
588 326 678 368 viro
704 327 745 367 in
774 325 1066 369 mathematicis
1096 327 1255 370 erudito
1287 357 1299 374 ‚
1328 328 1396 382 qui
1430 328 1652 371 nostrorum

188 385 404 424 studiorum
434 383 657 436 adjutorem
688 383 904 426 liberaliter
926 385 1124 426 interdum
1148 384 1184 426 se
1200 385 1363 440 praebet
1380 413 1390 428 ‚
1406 385 1551 427 Lutum
1566 380 1653 429 Fl‘u-

191 442 305 481 minis
337 438 458 481 nostri
475 441 514 480 in
532 440 791 482 alluvionibus
806 442 1016 484 adved’tum
1033 473 1045 489 ‚
1074 442 1146 484 effe
1175 457 1298 498 aquae
1314 441 1542 483 advehentis
1568 458 1652 498 par-

189 509 268 537 tem
295 498 346 538 ad
375 498 501 537 minus
534 497 732 539 decimam
762 497 992 555 septimam;
1018 512 1109 540 nam
1130 514 1180 541 ex
1207 501 1330 540 unciis
1360 513 1436 540 una
1467 502 1509 541 δι
1538 502 1652 555 quin-

189 557 378 610 quaginta
409 567 534 608 aquae
571 568 690 607 quam
731 565 821 596 ante
858 556 965 596 diem
997 569 1036 595 x.
1065 556 1246 598 calendas
1284 557 1509 597 Februarias
1547 571 1652 598 anno

190 609 324 666 elapso
372 622 720 652 0101occxxxv11.
766 613 806 652 in
850 611 981 653 nostro
1018 610 1178 655 flumine
1213 613 1386 653 Arimini
1414 612 1532 655 hodie
1569 613 1653 667 vul-

186 682 239 722 go
268 669 481 710 Mariculae
511 678 694 723 tempore
719 671 876 722 majoris
900 671 1176 712 exundationis
1209 667 1431 715 sumsimus,
1465 672 1556 711 treis
1586 685 1653 712 un·

184 727 263 765 cias
289 727 333 765 &
358 725 524 779 amplius
552 724 628 766 luti
653 724 861 767 tenuissimi
892 729 936 768 ὃ(
961 729 1087 782 probe
1122 725 1305 768 exsiccati
1343 728 1560 768 invenimus
1591 742 1653 770 re-

185 780 356 823 manfiffe
374 813 384 828 ,
414 783 458 822 ὃς
483 792 616 824 tamen
645 797 766 837 quam
803 782 1001 825 sumfimus
1036 799 1205 840 aquam,
1234 798 1314 825 non
1336 786 1376 825 in
1403 786 1537 826 medio
1565 798 1654 826 cur-

185 837 225 880 su
251 837 421 880 fluminis
438 867 450 883 ,
487 854 613 894 neque
643 841 684 879 in
713 839 805 880 loco
829 843 908 894 ejus
933 841 1210 895 profundiori,
1239 839 1302 882 sed
1326 854 1438 882 extra
1456 843 1561 896 ripas
1580 870 1589 885 ‚
1611 842 1654 882 &

184 897 224 936 in
253 893 456 952 superficie
492 894 715 937 sumfimus.
747 898 884 950 Qare
916 907 1027 952 patet
1046 901 1216 941 Lutum,
1242 898 1304 938 {eu
1324 900 1480 940 Limum
1511 901 1552 938 in
1567 899 1655 940 Flu-

185 955 290 993 mine
322 952 453 994 nostro
484 954 555 995 effe
578 954 629 994 ad
659 957 740 1007 ejus
772 969 913 1010 aquarn
940 955 989 995 ad
1014 956 1141 996 minus
1159 985 1169 1000 ,
1195 963 1240 994 ut
1281 969 1311 995 1.
1343 955 1391 994 ad
1420 968 1528 996 xv11.
1557 955 1656 997 Dixi

184 1009 236 1050 ad
269 1012 395 1050 minus
430 1041 441 1056 ,
471 1025 561 1052 nam
587 1009 614 1051 fi
645 1026 746 1066 aqua
776 1010 991 1053 sumeretur
1017 1014 1056 1052 in
1087 1012 1209 1069 pleno
1238 1010 1352 1052 cursu
1385 1010 1553 1053 fluminis
1574 1043 1585 1058 ‚
1611 1014 1656 1054 &

186 1081 315 1122 prope
345 1065 509 1109 fundum
526 1096 537 1112 ‚
562 1072 690 1123 major
718 1068 846 1110 adhuc
877 1068 968 1111 esset
990 1070 1230 1125 proportio.
1257 1069 1536 1110 Praetermitto
1564 1069 1652 1111 heic

185 1125 304 1164 etiam
334 1126 642 1178 proportionem
673 1139 793 1179 quarn
823 1125 942 1167 habet
972 1127 1169 1181 reliquum
1191 1125 1456 1167 Sedimentum
1474 1155 1484 1169 ‚
1520 1128 1655 1168 Arena

184 1179 334 1223 scilicet
362 1182 405 1221 ὅ(
422 1182 565 1223 Glarea
581 1184 758 1237 Saxaque
790 1180 901 1238 ipsa,
926 1198 1017 1223 cum
1048 1198 1149 1237 aqua
1179 1212 1190 1227 ‚
1233 1197 1324 1222 nam
1356 1181 1494 1223 fluvius
1525 1183 1653 1225 noster

185 1251 266 1278 non
297 1238 426 1279 lutum
457 1248 613 1279 tanturn
644 1267 655 1283 ‚
683 1239 746 1280 seu
776 1238 914 1280 limum
945 1239 1103 1281 advehit
1127 1269 1138 1285 ‚
1166 1239 1230 1281 sed
1261 1253 1393 1280 arenas
1425 1239 1651 1294 glareasque

186 1294 331 1335 multas
359 1309 438 1334 una
471 1310 563 1336 cum
592 1297 804 1349 majoribus
835 1296 930 1336 saxis
948 1327 958 1342 ,
988 1311 1115 1351 quae,
1144 1308 1190 1336 ut
1207 1306 1320 1351 patet
1352 1310 1402 1336 ex
1434 1295 1652 1338 sedimento

186 1353 331 1405 prioris
360 1352 410 1392 ad
439 1351 645 1393 dexteram
662 1381 672 1396 ,
703 1353 746 1392 &
773 1366 822 1393 ex
845 1367 988 1408 aggere
1003 1353 1074 1394 illo
1089 1366 1233 1408 magno
1259 1351 1483 1407 posterioris
1499 1353 1548 1394 ad
1564 1351 1653 1394 fini-

182 1407 300 1449 stram
333 1437 343 1451 ‚
384 1411 599 1451 maximam
643 1407 802 1465 quisque
842 1408 1028 1451 fatebitur
1057 1411 1362 1467 proportionem
1391 1409 1653 1452 sedimentum

184 1464 406 1507 universum
446 1481 538 1507 cum
566 1481 668 1521 aqua
696 1466 839 1508 habere
869 1495 878 1503 -
925 1468 1047 1508 Addo
1077 1467 1165 1508 heic
1202 1478 1360 1508 tanturn
1393 1465 1652 1509 sedimentum
1683 1469 1686 1471 ’

186 1523 348 1576 vulgare
373 1521 436 1563 seu
463 1521 644 1564 limosum
673 1522 792 1564 nostri
822 1522 992 1564 fluminis
1023 1525 1287 1579 proportione
1317 1526 1530 1565 convenire
1558 1539 1652 1565 cum

183 1576 400 1620 sedimento
429 1581 548 1620 Naris
564 1610 575 1626 ,
599 1581 707 1635 quod
722 1594 771 1621 ex
785 1578 1119 1622 observationibus
1136 1580 1335 1635 Onuphrii
1352 1579 1509 1621 Castelli
1525 1584 1540 1628 (
1556 1596 1651 1636 quas

186 1647 319 1677 tamen
343 1635 598 1678 Bononienses
623 1638 751 1678 rudeis
781 1636 986 1693 appel-lant
1004 1643 1018 1687 )
1034 1636 1088 1677 est
1117 1651 1206 1692 pars
1231 1635 1492 1678 decimasexta
1518 1652 1527 1682 ;
1557 1652 1653 1692 qua-

184 1707 226 1734 re
257 1695 385 1734 variat
415 1694 585 1735 multum
614 1709 637 1735 a
665 1694 884 1735 sedimento
916 1695 1011 1734 item
1041 1693 1183 1735 limoso
1214 1693 1345 1733 Rheni
1370 1693 1649 1740 Bononiensis3

183 1765 275 1791 nam
305 1751 363 1792 uti
395 1749 620 1793 solemniter
649 1750 937 1800 observarunt(
947 1757 992 1802 a)
1008 1762 1098 1793 ante
1126 1752 1232 1793 diem
1262 1747 1336 1793 ΠΠ.
1371 1752 1551 1793 calendas
1584 1752 1650 1792 F&

183 1809 356 1849 bruarias
388 1822 493 1849 anno
519 1821 768 1849 emmeant.
798 1810 926 1849 lutum
965 1808 1097 1848 Rheni
1126 1806 1375 1848 Bononiensis
1409 1807 1462 1848 est
1487 1808 1536 1848 ad
1567 1811 1649 1862 ejus

185 1879 328 1920 aquam
345 1896 356 1912 ‚
384 1876 430 1907 ut
453 1880 483 1906 1.
512 1866 562 1906 ad
593 1879 744 1905 CLxxv.
772 1865 899 1905 decies
925 1862 1073 1905 scilicet
1105 1866 1233 1905 minus
1259 1865 1302 1903 &
1332 1865 1500 1918 amplius
1531 1867 1651 1918 quam

185 1921 359 1963 nostrum
376 1924 419 1963 ὃς
434 1922 550 1962 Naris
566 1936 580 1966 ;-
604 1922 713 1977 quod
741 1921 912 1962 multum
927 1921 1040 1962 valde
1054 1920 1108 1962 est
1122 1953 1130 1960 .
1156 1923 1202 1960 Et
1217 1921 1375 1976 quidem
1394 1920 1517 1961 fateor
1532 1920 1560 1962 fi
1576 1922 1650 1962 ob-

182 1976 418 2020 servationes
447 1977 536 2020 iliae
567 1994 642 2034 pro
674 1976 976 2018 Bononiensibus
993 1992 1072 2019 non
1088 1989 1170 2019 tam
1185 1976 1407 2018 solemniter
1425 1977 1576 2019 fuiffent
1591 1980 1649 2018 in-

185 2033 345 2077 stitutae
361 2066 372 2082 ,
402 2035 615 2090 suspicarer
631 2035 780 2090 aliquid
796 2034 949 2075 subdoli
973 2037 1012 2075 in
1035 2035 1109 2076 illis
1126 2035 1249 2077 latere
1266 2063 1276 2078 ‚
1309 2035 1417 2089 quod
1434 2051 1457 2075 a
1473 2037 1648 2091 partium

186 2091 313 2134 studio
329 2091 421 2135 effer
436 2092 657 2148 profed'tum
675 2120 685 2135 ‚
717 2093 760 2132 &
777 2092 884 2148 quod
901 2093 956 2133 rei
973 2106 1091 2146 quarn
1107 2093 1301 2146 parabant
1319 2091 1575 2133 Bononienses
1593 2092 1649 2133 fa-

187 2161 298 2192 veret
316 2178 325 2187 .
354 2151 502 2191 Verum
533 2149 591 2190 his
621 2147 736 2190 miffis
767 2158 878 2206 patet
908 2163 1014 2189 mare
1042 2148 1214 2189 nostrum
1244 2162 1294 2194 ex
1325 2150 1465 2189 crebro
1488 2147 1645 2190 affluxu

187 2208 401 2249 Sedimenti
432 2205 617 2248 terrestris
661 2221 711 2248 ex
752 2205 977 2248 fluminibus
1009 2216 1091 2246 tam
1119 2204 1280 2261 copiose
1308 2206 1463 2247 advec‘ti
1494 2207 1534 2245 in
1565 2205 1646 2246 dies

189 2264 347 2306 attolli·
374 2266 439 2305 An
469 2264 508 2304 id
534 2265 655 2305 etiam
672 2266 853 2307 eveniat,
883 2262 991 2318 quod
1020 2264 1155 2303 omnia
1184 2260 1314 2304 senfirn
1334 2292 1343 2306 ‚
1373 2274 1418 2303 ut
1436 2262 1508 2303 fert
1526 2263 1649 2304 New-

188 2326 351 2364 toniana
377 2322 560 2363 doc'trina
577 2349 587 2365 ‚
619 2322 668 2362 ad
687 2332 939 2376 aequatorem
956 2319 1159 2362 confluant
1175 2351 1186 2366 ,
1216 2321 1274 2361 uti
1291 2319 1501 2375 suspicatus
1520 2318 1570 2361 est
1587 2321 1646 2360 vir

188 2381 354 2421 eximius
372 2379 547 2419 Andreas
576 2377 720 2420 Celfius
748 2375 972 2434 Vpsalienfis
989 2405 999 2420 ‚
1027 2392 1117 2418 nam
1144 2392 1264 2432 quum
1297 2376 1388 2419 effet
1417 2377 1521 2433 apud
1553 2390 1646 2419 nos,

188 2438 233 2478 ὃς
256 2434 327 2491 ipfi
359 2434 603 2478 ostendissem
634 2450 711 2492 ego
740 2446 882 2478 eventa
911 2436 1019 2477 varia
1044 2435 1164 2476 Maris
1181 2434 1327 2481 nostri,
1358 2435 1401 2474 &
1420 2433 1648 2530 praese-{tim

1562 2504 1646 2530 rane

243 2575 282 2606 (a)
303 2573 442 2602 Memoria
462 2574 491 2602 in
512 2571 605 2602 favore
626 2572 667 2602 de'
680 2571 819 2609 solognefi
832 2594 838 2600 .
862 2572 936 2600 Nota
950 2572 973 2599 I.
985 2582 1048 2607 pag.
1066 2581 1122 2604 341.
1136 2570 1210 2599 Edit.
1224 2570 1394 2598 Florentinae
1412 2571 1466 2598 To.
1480 2570 1530 2597 111.
