1814 2902
558 193 1183 241 Mvasuoris
1546 212 1592 247 17

553 350 1017 414 CAPVT
1107 351 1186 411 X.

177 458 520 498 vnamcvrvs
561 464 708 494 saxrs
761 464 812 490 ET
851 465 1033 493 mes
1074 466 1400 500 annuimus,
1435 457 1565 495 Coa,

239 525 302 553 nv
343 511 642 550 HAMMONIS
684 522 958 554 armanus,

149 610 178 650 I.
212 611 319 698 H
336 609 518 666 chsque
532 624 623 653 vera
639 612 800 652 Cornua
822 609 1054 650 Hammonis
1085 607 1350 665 descripfimus
1369 639 1379 654 ‚
1410 608 1473 652 vel
1503 623 1595 649 cor-

348 681 448 722 pora
474 696 484 712 ‚
523 682 622 722 quae
652 678 816 723 propter
846 678 1050 707 externam
1082 668 1328 706 internamve
1360 664 1596 707 structuram

151 725 198 765 iis
232 725 321 767 sunt
355 724 570 765 admodum
601 723 767 768 affinia;
806 723 1024 767 nunc,alia
1054 723 1312 777 adjungemus
1345 751 1355 766 ‚
1398 736 1500 776 quae
1528 736 1596 763 ex-

148 779 324 823 strinsece
353 782 513 835 quidem
540 782 678 821 Cornu
711 780 947 820 Hammonis
975 777 1271 833 repraesentant
1289 807 1299 822 ‚
1332 778 1394 820 sed
1423 792 1594 820 revera-1

149 851 230 877 non
245 838 358 882 sunt;
382 852 504 892 quum
519 836 731 878 extrinsece
748 838 788 878 in
805 836 949 892 plureis
977 836 1136 878 cellulas
1159 867 1169 881 ,
1199 835 1307 890 quod
1326 835 1526 889 peculiare
1545 834 1597 875 est

148 897 190 934 in
204 895 400 935 Cornibus
433 894 665 936 Hammonis
683 922 693 937 ‚
721 908 801 933 non
831 894 1087 937 dividantur,
1117 892 1338 946 cujusmodi
1369 891 1422 932 est
1438 893 1597 932 Vermi-

148 952 258 992 culus
276 950 366 993 iste,
399 952 468 1004 qui
486 950 708 1004 frequenter
723 950 838 1003 lignis
867 951 911 989 &
940 948 1038 991 saxis
1063 950 1212 990 littoris
1240 948 1362 988 nostri
1377 948 1594 989 adhaerens

147 1009 371 1062 reperitur,
396 1008 540 1061 quique
570 1006 709 1060 Figura
726 1007 836 1047 VIII.
864 1004 1010 1047 Tab.1.
1029 1005 1115 1047 satis
1144 1018 1237 1060 apte
1268 1004 1343 1047 fuit
1374 1004 1568 1060 expressus
1588 1035 1596 1045 .

147 1063 265 1104 Hunc
282 1065 398 1108 enim,
415 1061 441 1103 fi
457 1074 660 1104 externam
677 1074 832 1103 tantum
849 1062 987 1104 faciem
1004 1062 1223 1117 conspicias
1243 1092 1253 1107 ,
1270 1077 1411 1118 purum
1432 1073 1597 1117 putum-

146 1130 223 1175 que
242 1122 381 1160 Cornu
399 1119 632 1160 Hammonis
663 1119 837 1175 appellas
864 1149 874 1164 ,
905 1131 945 1161 at
976 1117 1002 1159 fi
1033 1121 1231 1160 internam
1254 1118 1487 1158 structuram
1506 1134 1597 1173 per-—

146 1178 320 1231 pendas,
343 1174 573 1216 sententiam
606 1189 733 1217 mutas
766 1205 773 1213 .
805 1175 1021 1220 Exti-insece
1049 1177 1210 1230 quidem
1245 1174 1442 1216 tortuosus
1469 1176 1522 1215 est
1553 1177 1598 1215 &

144 1233 297 1274 striatus
316 1264 326 1278 ‚
351 1244 396 1272 ut
410 1235 571 1273 Cornua
603 1232 837 1274 Hammonis
867 1235 1029 1278 omnia;
1061 1231 1266 1273 intrinsece
1284 1248 1380 1273 vero
1405 1247 1454 1273 ex
1479 1233 1599 1272 unica

145 1300 299 1329 tantum
317 1288 448 1343 spirali
465 1303 632 1330 caverna
648 1290 702 1332 est
717 1290 990 1330 conformatus
1008 1319 1018 1334 ,
1048 1303 1093 1330 ut
1111 1291 1158 1330 ad
1176 1289 1369 1343 vulgareis
1387 1289 1597 1335 cochleas,

145 1345 450 1388 &vermiculos
477 1345 693 1386 referatur·
728 1348 914 1387 Minimus
942 1345 996 1386 est
1025 1346 1089 1386 ille
1105 1348 1171 1399 qui
1189 1346 1309 1399 vulgo
1341 1347 1382 1387 in
1408 1345 1603 1386 sedimen-

146 1414 192 1442 to
210 1401 342 1442 nostro
362 1403 554 1456 reperitur
571 1430 580 1443 ‚
612 1401 673 1442 sed
691 1404 739 1443 ad
755 1401 842 1442 saxa
867 1404 910 1442 &
940 1403 986 1443 ad
1022 1403 1128 1456 ligna
1144 1403 1356 1442 adhaerens
1382 1406 1463 1455 ejus
1481 1402 1599 1443 molis

142 1457 198 1498 est
222 1459 263 1497 &
281 1459 439 1510 majoris
459 1488 467 1501 ,
486 1471 532 1497 ac
548 1458 604 1497 illi
630 1460 724 1512 qui,
764 1459 907 1500 litteris
938 1460 982 1498 M
1011 1460 1053 1497 ὃς
1086 1461 1125 1498 Ν
1156 1459 1293 1498 eadem
1311 1456 1438 1513 figura
1456 1470 1600 1499 notan-

144 1525 210 1554 tur
227 1528 236 1554 ;
266 1516 397 1554 Immo
415 1513 529 1553 hosce
547 1514 795 1555 vermiculos
810 1515 882 1555 effe
898 1514 1068 1567 ejusdem
1083 1517 1232 1570 generis
1260 1515 1434 1556 arbitror
1448 1544 1458 1558 ,
1490 1531 1535 1556 ac
1568 1517 1596 1558 ii

144 1572 213 1625 qui
230 1571 278 1611 ad
296 1570 529 1626 pollicarem
543 1568 755 1612 crassitiem
782 1571 1011 1612 excrescunt
1027 1600 1036 1614 ,
1069 1574 1216 1627 quique
1231 1586 1352 1626 quum
1371 1570 1595 1628 serpentum

146 1630 187 1667 in
219 1642 369 1668 morem
398 1625 473 1668 sint
503 1627 714 1668 convoluti
742 1644 816 1685 pro
848 1629 1089 1684 serpentibus
1117 1629 1340 1685 petrefatftis
1373 1643 1598 1672 marmorea

144 1682 334 1737 serpentis
353 1682 448 1724 facie
466 1682 595 1724 affidta
611 1685 661 1724 ab
678 1684 960 1741 Impostoribus
975 1685 1304 1727 circumferuntur
1320 1718 1329 1726 ,

204 1741 256 1780 11.
289 1741 461 1781 Navium
485 1740 744 1785 Teredinem,
771 1756 871 1795 quae
900 1742 1069 1797 ipsarum
1107 1742 1160 1783 est
1175 1742 1289 1796 pestis
1318 1745 1362 1783 &
1391 1743 1595 1799 lignorum

146 1799 328 1838 omnium
345 1827 355 1841 ,
371 1810 469 1850 quae
485 1797 533 1835 ad
551 1799 723 1839 marinos
740 1798 880 1839 fluetus
895 1797 1201 1853 compescendos
1219 1799 1460 1847 adhibemus,
1475 1816 1596 1856 quam

146 1855 331 1896 Brumam
347 1864 469 1894 vocat
490 1851 743 1895 Vallisnerius
760 1887 772 1902 ,
797 1855 845 1896 de
873 1870 951 1910 qua
983 1866 1046 1896 tot
1079 1869 1253 1896 rumores
1287 1859 1595 1911 percrebuerant

147 1909 408 1966 superioribus
438 1911 545 1952 annis
578 1912 616 1950 in
649 1912 809 1954 Batavia
842 1925 1008 1968 propter
1039 1911 1190 1967 ligneos
1222 1927 1382 1969 aggeres
1400 1914 1507 1956 illeic
1525 1929 1595 1956 ex-

146 1967 227 2010 esos
245 1994 255 2009 ‚
286 1981 404 2021 genus
421 1968 560 2008 itidem
573 1967 685 2021 hujus
716 1970 921 2011 vermiculi
950 1970 1023 2010 effe
1053 1972 1250 2011 arbitror.
1280 1972 1388 2013 Nam
1418 1970 1599 2013 fivermi-

148 2023 258 2065 culus
276 2024 325 2063 ad
343 2021 432 2063 saxa
448 2053 458 2067 ,
490 2025 532 2064 δι
551 2025 599 2064 ad
616 2027 722 2078 ligna
747 2027 906 2068 duriora
936 2026 1183 2068 adhaerescat
1199 2059 1210 2073 ‚
1241 2028 1496 2070 convolvitur
1513 2031 1598 2084 qui-

148 2081 237 2120 dem
256 2095 300 2120 ac
318 2080 555 2134 deprimitur
571 2112 580 2126 ,
615 2085 672 2121 uti
705 2085 742 2124 in
774 2082 909 2138 figuris
931 2083 1067 2124 nostris
1089 2087 1265 2126 cernitur
1284 2113 1291 2121 .
1324 2087 1360 2126 Si
1376 2101 1471 2126 vero
1488 2086 1595 2142 ligna

148 2137 335 2180 molliora
351 2139 612 2179 momorderit
627 2167 637 2181 ,
664 2154 786 2195 eaque
816 2143 1032 2194 penetrarit
1048 2169 1058 2184 ‚
1086 2141 1265 2183 canalem
1297 2141 1508 2184 testaceum
1525 2145 1600 2186 ob-

148 2194 314 2248 longum
330 2192 397 2235 fibi
415 2193 583 2236 fabricat
601 2227 611 2241 ,
642 2199 710 2251 qui
726 2195 751 2238 fi
768 2212 899 2238 recens
917 2197 960 2238 fit
976 2229 985 2244 ‚
1011 2210 1057 2239 ut
1085 2201 1125 2240 in
1141 2200 1304 2241 navibus
1322 2229 1333 2245 ,
1365 2200 1507 2241 Bruma
1522 2229 1533 2245 ‚
1551 2202 1595 2241 ὃ(

148 2250 303 2290 Teredo
319 2253 469 2292 marina
487 2266 761 2307 nuncupatum
792 2257 828 2296 Si
844 2270 938 2296 vero
970 2256 1035 2295 diu
1063 2266 1218 2298 maneat
1234 2285 1244 2299 ,
1276 2267 1321 2296 ut
1336 2258 1375 2297 in
1392 2256 1504 2311 lignis
1521 2272 1595 2313 pu-

149 2306 262 2349 tridis
290 2310 329 2346 in
360 2306 482 2352 fundo
500 2312 616 2352 maris
633 2311 864 2365 degentibus
882 2313 1029 2353 accidit
1046 2345 1056 2359 ,
1090 2316 1129 2354 in
1147 2328 1320 2355 vermem
1336 2316 1523 2370 ampliori
1542 2328 1597 2357 te·

147 2361 424 2405 sta&duriori
440 2364 606 2407 facessit.
636 2368 852 2411 Observavi
884 2372 990 2411 enim
1023 2372 1060 2411 in
1090 2371 1231 2411 tabulis
1260 2373 1420 2412 navium
1438 2403 1447 2417 ,
1478 2373 1521 2412 ὃ(
1551 2376 1589 2414 in

148 2420 260 2472 lignis
282 2419 387 2462 nulla
417 2437 458 2466 re
487 2422 669 2467 testaceos
699 2428 938 2469 canaliculos
973 2429 1202 2471 Brumarum
1243 2430 1287 2471 &
1313 2430 1514 2472 Vermium
1536 2432 1594 2471 in-

945 2487 979 2526 C
1528 2499 1588 2530 ter
