1814 2902
442 200 758 242 AEsTvs
818 200 1293 245 MARITIMI
1557 219 1609 254 71

138 286 241 328 hanc
256 285 374 328 Alvei
402 287 691 332 elevationem,
720 289 790 329 Vir
819 299 956 330 acutus
990 303 1115 343 quum
1147 288 1241 330 talia
1272 289 1313 328 in
1351 286 1505 328 Baltico
1537 285 1607 329 suo

139 344 322 385 accidere
338 359 416 389 non
434 343 663 386 observasset
678 374 688 389 ,
716 343 778 386 sed
797 347 927 401 potius
945 347 1146 387 contraria
1163 377 1173 392 ‚
1202 345 1373 401 deprimi
1390 343 1542 386 scilicet
1559 344 1608 385 il-
1643 390 1657 396 ,

139 400 215 442 leic
247 416 354 444 mare
383 405 427 443 &
457 404 611 447 minui,
644 412 941 457 argumentatus
970 416 1106 443 veram
1131 402 1203 443 effe
1233 403 1464 443 doctrinam
1497 401 1609 443 illam

139 460 456 502 Newtonianam
472 491 481 505 ‚
513 474 592 514 qua
609 459 867 514 intelligimus
883 460 1018 499 omnia
1035 456 1169 500 senfim
1185 457 1313 500 versus
1345 470 1611 513 aequatorem

139 514 341 558 confluere
358 545 369 561 ‚
398 519 442 558 &
467 518 613 570 majori
644 516 806 571 quidem
836 517 1049 557 velocitate
1064 518 1107 557 ὃς
1122 517 1392 571 proportione
1408 518 1448 555 in
1463 514 1605 556 nostris

136 573 384 627 Regionibus
403 602 414 618 ‚
431 589 531 629 quae
546 575 770 629 Aequatori
787 572 872 614 sunt
901 574 1238 628 proquinquiores
1255 603 1266 619 ,
1297 575 1414 627 quam
1446 573 1487 611 in
1503 570 1576 612 suis
1593 599 1605 616 ,

138 643 239 684 quae
263 632 313 671 ab
328 629 414 686 ipso
430 633 663 673 remotiores
689 632 732 671 &
747 630 852 671 Polis
869 631 1022 672 vicinae
1038 645 1048 674 ;
1067 641 1110 672 ut
1127 630 1283 672 Globus
1299 630 1550 684 Terraqueus
1569 630 1610 669 in

138 688 221 728 dies
250 688 300 728 ad
316 687 599 744 Sphaeroidem
629 686 795 742 figuram
829 688 871 727 in
896 686 1002 742 polis
1029 689 1151 742 magis
1179 688 1479 743 complanatam
1499 700 1613 727 acce-

136 745 208 785 dat
225 775 234 789 ‚
262 755 306 785 ut
338 746 497 786 tandem
516 775 525 790 ‚
556 758 602 786 ut
631 760 707 799 ego
722 744 882 800 quidem
900 745 1073 785 arbitror
1090 773 1099 788 ,
1132 742 1159 785 fi
1174 744 1271 786 haec
1292 759 1387 786 vera
1402 742 1475 784 sint
1491 775 1501 788 ‚
1532 742 1611 785 Or-

138 803 195 842 bis
207 801 452 856 Terraqueus
480 817 561 843 non
586 803 752 856 amplius
784 802 937 844 Globus
968 831 978 845 ‚
1007 799 1070 842 sed
1103 817 1246 856 magna
1261 803 1374 842 Rota
1398 801 1607 843 videatur÷

136 859 285 898 Verum
309 860 501 914 quicquid
532 858 578 900 fit
608 861 657 900 de
687 859 762 899 hac
792 874 833 900 re
851 889 860 904 ,
891 873 940 899 ex
966 858 1308 901 observationibus
1325 858 1612 899 concludamus

138 914 254 958 licet,
272 917 383 956 Mare
410 915 584 957 nostrum
601 919 641 956 in
656 917 736 957 dies
769 918 810 957 in
839 917 970 958 Alveo
1001 914 1069 956 suo
1099 917 1212 956 altius
1245 914 1464 971 adsurgere,
1497 913 1607 970 quod

138 973 182 1012 &
193 971 433 1015 Fluminibus
447 975 631 1015 omnibus
647 987 719 1029 per
733 973 824 1015 loca
837 973 959 1030 plana
973 971 1280 1015 discurrentibus
1297 971 1351 1014 est
1367 986 1582 1014 commune
1593 1002 1602 1012 .

523 1087 1091 1130 SCHOLIVM
1148 1086 1232 1127 ΙΙΙ.

138 1206 239 1296 'V'
256 1204 402 1244 Idimus
425 1204 465 1242 in
489 1201 753 1256 superioribus
769 1203 882 1242 Mare
913 1199 1087 1241 nostrum
1103 1199 1213 1242 velut
1245 1214 1435 1255 magnum
1469 1201 1608 1243 Fluen-

271 1272 356 1302 tum
382 1273 516 1301 revera
545 1257 663 1299 fluere
683 1289 693 1304 ‚
723 1260 767 1299 &
793 1259 837 1297 in
866 1256 981 1299 alveo
1010 1255 1076 1299 suo
1093 1257 1253 1301 attolli,
1285 1272 1406 1312 quare
1437 1271 1607 1313 apparet

137 1319 181 1357 &
205 1315 275 1372 ipsi
305 1317 473 1370 reliquas
490 1315 711 1355 Fluminum
728 1315 998 1369 Proprietates
1030 1316 1244 1356 convenire
1272 1342 1282 1357 ‚
1314 1315 1431 1355 Alvei
1464 1330 1608 1370 nempe

139 1374 404 1414 Mutationem
423 1400 433 1415 ‚
466 1369 770 1415 Corrofionem‚
803 1371 1060 1412 Alluvionem
1093 1400 1101 1407 .
1145 1373 1207 1412 De
1237 1372 1368 1427 prima
1406 1371 1495 1412 heic
1527 1374 1610 1426 pri-

140 1446 251 1472 mum
280 1430 400 1472 verba
428 1428 613 1470 faciemus
638 1457 649 1471 ‚
681 1442 805 1484 quum
833 1442 883 1469 ex
910 1425 990 1483 ipsa
1014 1428 1186 1482 reliquae
1215 1428 1341 1470 veluti
1373 1429 1575 1482 pendeant
1595 1457 1604 1466 .

139 1485 315 1542 Qan'do
345 1496 476 1527 autem
507 1486 601 1527 dico
619 1486 731 1526 Mare
748 1484 921 1526 Alveum
945 1483 1054 1525 suum
1073 1496 1230 1525 mutare
1246 1513 1257 1527 ‚
1287 1485 1329 1524 id
1354 1485 1605 1527 intellectum

141 1547 236 1586 volo
252 1575 263 1590 ,
293 1558 374 1584 non
403 1543 510 1597 quod
527 1543 694 1582 omnino
725 1552 854 1582 mutet
869 1543 913 1582 &
931 1555 1002 1596 per
1018 1543 1154 1581 omnia
1169 1569 1181 1585 ‚
1212 1539 1275 1582 sed
1291 1550 1449 1582 tantum
1465 1543 1609 1583 identi-

138 1603 233 1643 dem
250 1630 260 1644 ‚
290 1603 333 1642 &
362 1597 595 1655 quibusdam
613 1600 652 1638 in
667 1598 764 1639 locis
780 1628 791 1644 ,
821 1599 879 1638 ita
894 1609 940 1638 ut
955 1599 1023 1640 ubi
1042 1610 1157 1639 antea
1172 1607 1258 1639 erat
1273 1599 1386 1638 Mare
1402 1627 1412 1642 ‚
1439 1613 1545 1640 nunc
1561 1597 1605 1640 fit

140 1658 264 1699 Terra
282 1688 291 1703 ,
323 1657 449 1698 &ubi
479 1666 594 1695 antea
622 1665 707 1695 erat
721 1654 845 1695 Terra
872 1684 881 1699 ‚
907 1655 1031 1695 modo
1060 1653 1106 1696 fit
1137 1656 1272 1700 Mare3
1303 1655 1428 1710 quue
1457 1654 1607 1710 potiss-

142 1728 251 1756 mum
272 1711 355 1754 fieri
388 1727 438 1753 ex
462 1709 616 1766 aggesta
649 1722 756 1751 terra
784 1710 960 1765 limoque
992 1712 1042 1752 ad
1074 1714 1154 1764 ejus
1182 1714 1307 1767 Ripas
1338 1714 1382 1752 ὃς
1413 1714 1521 1753 Sinus
1539 1742 1550 1758 ‚
1580 1711 1607 1754 si

144 1771 270 1827 ipsum
301 1769 485 1812 recedat,
514 1767 644 1809 velex
658 1766 875 1809 Alluvione
904 1779 1070 1824 propter
1088 1768 1204 1810 Alvei
1221 1768 1511 1815 elevationem,
1541 1771 1606 1812 vel

144 1843 194 1869 ex
224 1825 461 1869 Corrofione
477 1853 487 1868 ‚
518 1823 683 1879 fiipsum
698 1824 839 1865 Terras
865 1825 1107 1879 ingrediatur
1124 1855 1134 1870 ,
1166 1826 1209 1864 ὅ(
1238 1827 1347 1880 aquis
1373 1825 1447 1866 suis
1463 1839 1608 1882 perpe-

143 1896 213 1925 tuo
230 1883 434 1937 compleat
450 1913 458 1921 .
491 1883 604 1922 Mare
637 1895 731 1923 vero
746 1881 913 1922 Acceffu
939 1880 1000 1923 vel
1018 1880 1184 1922 Receffu
1199 1893 1352 1923 mutare
1370 1883 1503 1923 locum
1519 1898 1607 1924 om-

143 1942 256 1982 nibus
285 1941 339 1981 est
364 1950 502 1980 notum
520 1967 530 1981 ‚
566 1953 688 1993 quum
705 1938 755 1978 ab
770 1938 980 1980 Herodoto
996 1936 1080 1992 ipso
1094 1951 1214 1993 atque
1229 1940 1280 1980 ab
1297 1938 1509 1980 Aristotele
1528 1943 1610 1982 Ae-

142 2010 289 2053 gyptus
320 1998 467 2037 donum
497 1996 583 2037 Nili
601 1996 758 2035 dicatur
786 1999 842 2043 (a)
873 2023 884 2037 ‚
915 2007 960 2035 ut
989 1996 1037 2035 de
1062 1995 1147 2035 aliis
1165 1997 1390 2049 regionibus
1421 1996 1500 2037 dici
1533 2011 1608 2051 po-

143 2053 214 2095 test
230 2082 240 2098 ,
269 2068 369 2109 quae
398 2067 449 2096 ex
465 2053 689 2093 Sedimento
706 2051 925 2092 Fluminum
955 2051 1081 2093 factae
1110 2050 1198 2092 sunt
1225 2055 1394 2105 majores
1415 2069 1425 2098 ;
1450 2055 1513 2094 Ita
1530 2054 1606 2095 alia

141 2111 234 2152 loca
264 2125 367 2151 nunc
399 2121 505 2150 tenet
523 2109 632 2150 Mare
648 2137 659 2152 ‚
688 2110 730 2148 in
754 2109 895 2164 quibus
911 2109 1010 2149 olim
1025 2108 1170 2150 Terrae
1186 2138 1196 2153 ‚
1230 2110 1452 2166 Campique
1482 2122 1606 2152 erant.

142 2170 294 2210 Verum
324 2167 411 2208 heic
441 2177 596 2207 tantum
628 2167 853 2207 notabimus
881 2182 943 2207 eas
975 2168 1213 2208 mutationes
1231 2197 1240 2211 ‚
1272 2181 1365 2221 quas
1397 2180 1504 2209 mare
1533 2183 1607 2209 no-

142 2225 263 2266 strum
292 2224 397 2279 apud
427 2238 496 2264 nos
529 2222 652 2269 fecit,
682 2225 725 2264 &
753 2237 833 2278 qua
858 2225 1039 2265 ratione.
1070 2224 1193 2278 Apud
1208 2238 1277 2264 nos
1294 2224 1454 2278 quidem
1467 2239 1605 2267 revera

142 2284 255 2324 Mare
282 2279 429 2322 recessit
448 2310 457 2324 ‚
486 2281 594 2336 quod
625 2279 827 2322 manifesto
859 2280 1170 2337 deprehenditur
1201 2295 1251 2322 ex
1267 2281 1387 2322 Turri
1417 2283 1460 2322 &
1486 2283 1606 2324 Muro

141 2337 443 2393 antiqui'nostri
471 2350 607 2393 portus
633 2366 643 2382 ,
675 2351 775 2392 quae
804 2340 937 2379 omnia
967 2339 1085 2379 hodie
1116 2352 1138 2378 a
1168 2338 1344 2392 pluribus
1376 2337 1533 2380 saeculis
1562 2341 1604 2381 in

138 2394 245 2439 ficco
272 2394 467 2437 inutiliter
490 2397 652 2440 haerent
679 2425 692 2441 ,
723 2411 847 2451 quum
878 2407 994 2438 antea
1020 2396 1186 2436 Portum
1218 2394 1307 2437 satis
1340 2398 1600 2438 commodum

1496 2468 1606 2496 navi-

174 2532 218 2565 (a)
235 2531 364 2560 Herodot.
379 2530 438 2560 Lib.
451 2531 493 2560 II.
509 2541 580 2560 num.
594 2542 621 2561 v.
635 2530 717 2568 Arist.
730 2532 788 2562 Lib.
801 2533 826 2563 1.
841 2532 1021 2570 Meteorolog.
1035 2542 1092 2569 cap.
1112 2541 1153 2566 14.
