1814 2902
426 223 900 266 APPENDIX
958 220 1282 264 PRIMA.
1547 225 1597 266 89

115 320 178 378 fig.
213 321 282 363 XI.
316 318 438 362 modo
467 317 604 359 damus
635 315 809 357 conchas
845 313 1053 355 anatiferas
1083 326 1174 354 cum
1211 308 1396 366 pediculo
1427 306 1594 363 rugoso-

173 379 280 420 XXV
317 378 370 418 Pa
398 405 405 412 -
427 376 533 429 32-1.
561 388 614 426 15.
646 374 716 414 His
731 370 897 412 Tellinis
927 370 1108 412 addenda
1123 367 1279 411 Tellina
1304 367 1512 407 mediocris
1530 380 1597 421 pa-

117 451 205 478 rum
236 392 426 492 globosi,
456 429 640 486 &figura
671 427 751 470 fere
770 426 967 471 rotunda,
1000 424 1192 467 albissima
1209 454 1219 469 ‚
1250 433 1294 462 ut
1321 423 1449 463 lacstea
1478 422 1593 477 plane

116 492 162 534 fit
178 525 189 540 ‚
221 503 462 548 quamquam
480 488 589 528 lineis
615 486 872 526 circularibus
899 482 1134 526 extrinsecus
1151 479 1197 521 fit
1213 481 1361 520 donata
1379 511 1385 517 .
1417 480 1456 518 A
1473 481 1598 519 Vene-

116 560 162 591 to
179 551 315 591 littore
345 546 556 589 advehitur
587 556 748 599 quoque
775 542 826 582 ad
842 555 912 582 nos
924 540 1080 582 Tellina
1095 537 1297 579 avellanae
1328 536 1494 576 minoris
1512 550 1598 576 mo-

115 606 153 647 le
170 635 181 651 ‚
211 609 255 648 &
272 603 398 661 figura
416 632 427 648 ‚
446 601 710 658 pulcherrime
727 600 929 654 variegata
947 627 958 643 ‚
990 597 1052 640 seu
1066 596 1181 639 variis
1199 592 1396 635 coloribus
1427 591 1594 648 pulchre

115 662 298 705 distimsta
316 695 324 703 .

175 720 303 762 XXVI.
336 719 423 775 Pag.
443 732 505 771 34.-
523 719 547 758 l.
564 730 605 765 4.
634 716 744 771 Qas
759 716 849 757 heic
865 714 1057 756 Pholadas
1074 712 1215 753 vocavi
1231 710 1337 767 apud
1369 723 1439 749 nos
1457 711 1501 750 &
1517 709 1599 771 An-

117 779 246 820 chone
260 808 271 822 ‚
301 778 371 817 ubi
401 774 490 815 sunt
513 770 839 828 frequentiffimae
855 801 865 816 ‚
888 773 1019 812 Balani
1036 771 1259 812 vocitantur
1276 796 1286 810 ‚
1320 769 1363 807 ὃς
1382 768 1422 806 in
1446 766 1598 806 deliciis

117 834 208 876 sunt
239 847 316 889 pro
332 833 424 873 cibo
440 859 451 875 ,
483 841 565 871 tam
580 833 720 871 coetae
736 860 746 874 ‚
779 844 899 885 quam
929 828 1072 870 crudae
1089 858 1101 874 ,
1128 823 1271 881 quaesi
1300 825 1424 864 norstu
1452 821 1596 864 crudae

115 890 356 948 exspuantur
385 889 576 929 conclave
592 886 801 929 obscurum
818 885 1052 928 collustrant
1068 916 1076 923 .
1105 881 1256 936 Infigne
1276 882 1381 922 enim
1403 878 1601 936 phospho-

116 964 204 989 rum
218 948 305 989 sunt
320 980 328 986 .
360 948 472 987 Inter
502 943 590 986 saxa
606 943 671 985 seu
690 943 809 986 infixa
832 945 1028 999 reperitur
1042 955 1199 996 quoque
1215 938 1371 981 Tellina
1400 938 1597 993 quaedam

117 1004 282 1062 globosa
299 1004 426 1045 altera
442 1014 556 1058 parte
571 1003 730 1058 longior
747 1033 757 1048 ‚
785 1004 828 1043 &
843 1011 960 1042 acuta
974 1028 985 1044 ,
1019 998 1191 1054 perfedte
1208 996 1354 1051 ubique
1381 993 1510 1036 clausa
1527 1026 1537 1040 ,
1554 993 1599 1034 &

116 1076 198 1103 non
213 1064 399 1116 utrinque
432 1059 638 1114 subaperta
655 1087 665 1102 ,
699 1061 756 1100 uti
772 1057 824 1100 est
837 1058 978 1100 Pholas
1010 1055 1077 1098 ista
1093 1055 1256 1096 Balanus
1287 1053 1395 1095 dieta
1432 1052 1566 1093 viridis
1585 1078 1596 1094 ‚

115 1134 216 1175 quae
240 1118 405 1159 Glandis
424 1115 485 1157 seu
502 1116 635 1156 Balani
653 1115 768 1158 instar
781 1115 834 1157 est
848 1149 858 1157 .

171 1175 320 1217 XXVII·
353 1175 439 1231 Pag.
458 1179 522 1227 36-
555 1171 907 1215 observationibus
936 1172 1078 1215 deinde
1101 1170 1265 1212 edoecus
1294 1166 1375 1209 sum
1392 1170 1566 1209 Cancros
1583 1195 1593 1210 .

116 1232 283 1289 Squillas
299 1263 311 1279 ,
344 1229 583 1286 Astacosque
600 1245 735 1272 omnes
751 1229 976 1272 mollescere
992 1261 1003 1277 ‚
1032 1231 1092 1270 uti
1110 1225 1346 1268 mollescunt
1361 1227 1472 1267 Cane
1480 1227 1513 1266 ri
1534 1222 1601 1265 flu-

115 1290 268 1334 viatiles
285 1317 294 1332 ‚
324 1291 392 1344 qui
408 1288 500 1328 frixi
530 1290 568 1328 in
585 1288 736 1328 deliciis
751 1287 840 1329 sunt
856 1316 866 1331 ‚
897 1286 1128 1343 praesertim
1151 1286 1308 1327 Romae
1325 1311 1336 1327 ‚
1363 1285 1407 1324 ὅ(
1423 1285 1464 1324 in
1484 1283 1598 1323 Etru-

115 1348 174 1387 ria
194 1375 204 1389 ‚
235 1346 303 1386 ubi
320 1347 468 1386 Cancri
483 1346 608 1386 teneri
626 1347 784 1386 nomine
808 1346 972 1386 veniunt
989 1377 997 1385 .

172 1402 338 1445 XXVIII.
371 1403 456 1458 Pag.
474 1417 532 1455 37.
551 1403 576 1443 l.
593 1416 654 1442 20.
685 1403 886 1444 Cancrum
902 1404 1096 1455 maj0rem
1125 1399 1340 1440 cordatum
1372 1396 1595 1445 hirsutum,

113 1462 156 1502 &
172 1459 381 1502 tuberculis
398 1457 612 1500 scatentem
645 1457 904 1501 describemus
920 1461 959 1500 in
974 1458 1127 1500 Tabula
1144 1458 1237 1497 IIII.
1265 1454 1510 1511 Appendicis
1529 1469 1598 1496 ex-

113 1517 281 1573 pressum
301 1545 309 1553 .
342 1518 447 1557 Item
476 1514 733 1556 describemus
763 1516 972 1557 Cancellos
1004 1516 1101 1556 duos
1131 1516 1171 1553 in
1188 1513 1403 1566 majoribus
1437 1513 1599 1553 marinis

112 1575 295 1616 Cochleis
322 1570 648 1614 caffidiformibus
675 1571 857 1628 degentes
873 1605 884 1621 ‚
916 1572 1160 1614 &Tab.111.
1188 1571 1232 1610 &
1249 1569 1342 1610 1111.
1375 1568 1594 1625 expressos.

146 1668 149 1669 γ
172 1630 356 1672 XXVIIII.
388 1630 478 1685 Pag-
499 1634 562 1680 38.
580 1631 645 1670 lin.
665 1643 721 1678 14.
752 1631 960 1672 Interdum
975 1630 1081 1685 apud
1113 1642 1183 1668 nos
1213 1628 1411 1683 reperitur
1430 1625 1596 1668 Locusta

111 1688 178 1728 illa
193 1687 437 1743 longioribus
451 1684 583 1726 Chelis
599 1700 622 1726 a
637 1685 886 1727 Rondeletio
902 1688 983 1728 Leo
1000 1688 1116 1728 dieta.
1136 1683 1269 1726 Astaci
1291 1698 1448 1739 quoque
1465 1683 1596 1725 denuo

112 1744 199 1786 heic
216 1745 308 1785 faeti
324 1742 411 1784 sunt
429 1742 648 1797 frequentes
662 1773 673 1789 ,
706 1745 750 1784 ὅ(
764 1742 952 1784 differunt
967 1745 1015 1785 ab
1032 1745 1076 1783 iis
1091 1771 1102 1786 ‚
1135 1742 1203 1795 qui
1221 1738 1310 1781 sunt
1339 1739 1595 1796 sesquipedali

113 1802 357 1856 longitudine
371 1831 382 1846 ,
413 1803 480 1854 qui
496 1798 616 1840 nostri
631 1801 793 1841 Littoris
810 1803 971 1856 proprie
989 1816 1069 1841 non
1100 1798 1186 1840 sunt
1199 1829 1210 1844 ‚
1242 1796 1307 1839 sed
1323 1811 1372 1839 ex
1389 1798 1596 1841 Dalmatia

112 1858 385 1899 advehuntur.
417 1858 471 1898 Hi
486 1856 600 1897 crudi
623 1858 722 1898 varii
750 1857 896 1898 coloris
912 1856 999 1898 sunt
1014 1885 1026 1902 ,
1057 1855 1121 1897 sed
1138 1857 1245 1897 cocti
1275 1853 1473 1896 rufescunt
1490 1857 1593 1897 mul-

111 1926 196 1956 tum
212 1943 223 1958 ,
254 1918 298 1956 &
331 1915 442 1955 unius
474 1913 621 1955 coloris
639 1914 746 1955 rubri
780 1925 937 1956 tantum
969 1924 1190 1971 apparent;
1221 1911 1364 1954 Chelas
1390 1913 1518 1954 laevas
1550 1916 1595 1956 &

110 1987 272 2028 magnas
304 1972 452 2012 habent
467 2002 478 2017 ,
507 1981 553 2011 ut
566 1969 785 2012 Piscatores
803 1973 845 2011 iis
864 1982 1026 2012 utantur
1053 1986 1128 2025 pro
1151 1971 1298 2015 thecis,
1316 1971 1357 2010 in
1382 1971 1522 2025 quibus
1540 1970 1595 2013 sal

111 2030 293 2070 condunt
322 2042 397 2083 pro
412 2029 508 2070 cibis
539 2027 792 2068 condiendis.
828 2027 960 2069 Astaci
992 2027 1110 2068 nostri
1126 2027 1305 2082 vulgares
1337 2028 1450 2068 crudi
1480 2029 1595 2070 unius

111 2087 259 2127 coloris
288 2086 367 2127 albi
385 2084 471 2126 sunt
487 2116 497 2131 ,
530 2087 572 2125 &
588 2087 694 2126 cocsti
712 2099 852 2140 parum
871 2086 934 2126 vel
950 2085 1048 2126 nihil
1065 2083 1261 2126 rufescunt
1273 2115 1284 2130 ,
1315 2082 1381 2124 nisi
1399 2084 1570 2126 affentur
1584 2117 1596 2134 ,

112 2153 208 2184 tunc
226 2145 330 2185 enim
348 2158 488 2200 pamm
502 2141 721 2183 rufescunt.
753 2141 896 2183 Chelas
914 2142 1060 2183 habent
1085 2142 1277 2195 oblongas
1295 2168 1306 2184 ,
1322 2140 1472 2182 striatas
1488 2170 1499 2186 ,
1520 2141 1597 2197 spi..

110 2199 219 2242 nosas
236 2231 246 2247 ,
277 2203 321 2242 &
336 2201 418 2242 aliis
435 2198 710 2255 asperitatibus
740 2200 906 2241 donatas
923 2228 933 2243 ‚
965 2198 1028 2240 sed
1045 2213 1260 2254 numquam
1277 2199 1333 2239 ita
1353 2197 1440 2239 sunt
1457 2200 1596 2241 imma-

112 2268 177 2298 nes
197 2289 207 2304 ,
234 2260 334 2299 utin
364 2259 490 2315 priori
515 2258 586 2298 illo
602 2256 835 2298 Astacorum
857 2272 996 2312 genere
1012 2256 1269 2297 Dalmatino.
1302 2255 1491 2298 Locustae
1507 2258 1597 2299 vul-

113 2329 165 2369 go
182 2318 348 2370 Aragoste
365 2343 375 2358 ‚
408 2329 507 2370 quae
523 2314 740 2370 frequentes
773 2313 858 2355 sunt
874 2317 913 2355 in
928 2314 1139 2370 Tyrrheno
1158 2314 1254 2354 mari
1270 2341 1279 2356 ‚
1297 2313 1403 2367 apud
1424 2329 1496 2355 nos
1514 2329 1596 2356 non

112 2373 364 2427 reperiuntur
391 2400 401 2416 ‚
440 2371 502 2412 sed
536 2372 704 2413 multum
736 2374 983 2414 conveniunt
1012 2386 1104 2413 cum
1137 2371 1286 2412 Astacis
1326 2369 1463 2412 nostris
1498 2372 1596 2413 Dal-

113 2430 270 2470 matinis
288 2457 298 2472 ‚
332 2428 394 2470 sed
420 2428 627 2484 aliquanto
658 2432 828 2471 minores
844 2429 931 2471 sunt
949 2459 959 2474 ,
993 2428 1190 2471 &Chelas
1218 2429 1397 2469 minimas
1428 2441 1569 2483 gerunt
1586 2461 1594 2469 .

172 2486 320 2528 XXXX·
353 2487 441 2542 Pag·
460 2502 525 2537 40.
549 2492 587 2528 in
599 2488 678 2542 fine
695 2519 703 2527 .
732 2489 852 2530 Varia
867 2488 972 2544 apud
1006 2501 1075 2530 nos
1094 2486 1301 2528 Stellarum
1325 2501 1466 2541 genera
1485 2500 1596 2543 prae-

917 2547 962 2587 M
1531 2555 1590 2585 ter
