1814 2902
203 232 252 261 12
634 220 1198 266 DECONCHIS

216 325 1632 365 QQQWQQQQQQQQQQQQQ

573 422 1012 486 CAPVT
1083 428 1274 487 1111.

224 537 409 577 Coauv
451 536 739 579 HAMMONIs
779 540 1040 579 LITTORIS
1081 541 1446 585 ARIMINENSIS
1501 558 1612 588 TER-

283 607 451 637 TIVM,
499 607 582 636 sav
627 596 866 636 NAVTILI
912 608 1068 636 <23st
1117 610 1373 639 vMBILlco
1422 616 1611 644 PROMI-

283 662 452 698 NENTE‚
490 664 546 692 ET
588 666 903 700 PLERVMQVE
943 666 1322 696 MARGINATVM.

192 769 225 809 1.
254 766 340 856 T
359 770 507 810 Ertium
541 770 618 811 hoc
650 772 787 812 Cornu
817 771 1049 812 Hammonis
1066 785 1186 826 genus
1210 771 1305 814 licet
1333 769 1381 813 fit
1404 776 1640 822 minimum,

373 838 505 868 tamen
529 829 570 868 in
601 831 788 881 majorem
807 829 951 869 molem
969 828 1108 869 crescit
1124 860 1134 874 ‚
1165 844 1283 884 quam
1299 830 1450 886 reIIqua
1469 861 1476 869 .
1505 833 1641 884 Qiae-

192 883 283 924 dam
305 885 409 926 enim
427 899 566 925 eorum
596 886 703 939 apud
728 900 789 926 me
808 884 892 925 sunt
908 916 918 930 ,
950 900 1048 939 quae
1065 888 1378 939 magnitudinem
1394 890 1506 943 grani
1522 888 1640 928 lentis

190 944 352 993 majoris
385 954 607 996 exaequant
626 971 633 978 .
671 939 880 982 Globofius
899 943 1032 981 itidem
1049 941 1102 980 est
1122 969 1132 983 ‚
1166 954 1285 996 atque
1303 945 1538 985 umbilicum
1553 943 1639 984 satis

187 998 374 1052 patulum
391 999 432 1038 &
450 1002 745 1052 prominentem
772 1001 812 1039 in
843 999 975 1039 medio
992 996 1160 1038 ostendit
1177 1027 1184 1034 .
1218 999 1344 1053 Hujus
1360 1000 1544 1055 exempla
1559 1014 1641 1041 cet-

187 1069 280 1095 nere
299 1055 390 1095 licet
407 1052 530 1107 figura
547 1057 618 1096 111.
638 1055 706 1095 sub
722 1055 859 1095 litteris
877 1054 914 1093 H
933 1057 975 1095 ὃς
991 1055 1020 1093 Ι.
1036 1054 1206 1107 ejusdem
1221 1055 1396 1097 Tabulae
1416 1088 1424 1096 .

244 1113 301 1152 ΙΙ.
335 1112 424 1152 Hoc
448 1111 678 1152 Testaceum
703 1113 846 1153 vocavi
878 1112 998 1151 etiam
1030 1111 1187 1152 Nautili
1213 1127 1360 1167 genus,
1393 1114 1503 1168 quod
1532 1116 1640 1155 Nau-

185 1166 303 1209 tilum
337 1184 419 1224 quo
444 1169 493 1210 ad
518 1180 721 1210 externam
749 1168 889 1209 faciem
920 1168 1221 1221 quodammodo
1255 1169 1423 1215 referat;
1454 1173 1499 1211 &
1532 1172 1638 1212 inter

185 1225 374 1266 Nautilos
391 1254 401 1268 ‚
420 1228 478 1267 uti
496 1228 538 1266 ὃ(
554 1225 713 1281 sequens
732 1256 742 1271 ‚
767 1224 1014 1266 referendum
1033 1223 1249 1265 censuerint
1266 1228 1306 1266 N
1311 1225 1460 1269 icolaus
1475 1227 1639 1268 Gualte-

184 1284 261 1323 rius
279 1284 416 1336 Magni
433 1285 555 1324 Ducis
573 1285 745 1323 Etruriae
761 1311 772 1325 ,
802 1283 845 1321 ἃ
877 1283 1010 1322 Petrus
1037 1280 1277 1322 Christianus
1294 1282 1512 1336 Wagnerus
1531 1284 1641 1324 Prin-

186 1341 287 1393 cipis
305 1340 509 1380 Baruthini
525 1339 699 1384 Medici,
728 1340 803 1379 viri
826 1348 1028 1391 praeterea
1059 1335 1296 1383 doctiffimi‚
1327 1340 1370 1378 &
1402 1339 1451 1379 de
1466 1337 1639 1382 Historia

183 1396 372 1437 Naturali
401 1398 554 1451 optime
585 1396 750 1440 meriti,
779 1395 896 1435 amici
927 1394 1048 1434 nostri
1079 1424 1089 1439 ,
1137 1392 1382 1449 fautoresque
1413 1394 1638 1437 humaniffi-

185 1455 269 1499 mi,
296 1453 343 1494 ad
362 1467 460 1507 quos
491 1452 655 1508 speciem
685 1451 829 1491 horum
860 1450 1136 1492 Testaceorum
1171 1449 1349 1491 miseram
1367 1479 1375 1486 -
1407 1451 1544 1504 Qum
1569 1467 1635 1495 ve-

186 1526 234 1552 ro
252 1510 328 1550 hoc
345 1509 575 1551 Testaceum
592 1510 640 1549 ad
659 1508 843 1548 Nautilos
875 1506 1027 1550 refero,
1060 1522 1137 1546 non
1171 1507 1219 1546 ad
1250 1522 1315 1547 eos
1345 1508 1534 1548 Nautilos
1565 1523 1637 1550 no-

184 1567 333 1609 strateis
350 1565 568 1623 polyposos
585 1565 833 1608 referendum
863 1575 964 1619 puto
981 1594 991 1609 ,
1027 1564 1095 1619 qui
1113 1565 1238 1618 vulgo
1254 1563 1473 1605 Aristotelis
1490 1566 1634 1606 Nauti-

185 1625 216 1665 li
234 1635 426 1666 vocantur
444 1653 455 1668 ‚
487 1623 548 1664 sed
577 1624 626 1664 ad
654 1637 719 1662 eos
748 1622 934 1662 Nautilos
965 1622 1124 1661 Indicos
1142 1648 1152 1664 ,
1183 1622 1252 1673 qui
1280 1622 1412 1674 quoad
1435 1624 1632 1665 internam

184 1681 420 1722 structuram
437 1695 527 1721 cum
543 1681 742 1721 Cornibus
760 1679 994 1719 Hammonis
1022 1679 1269 1718 conveniunt
1289 1706 1297 1714 .
1327 1678 1514 1720 Nautilus
1529 1681 1634 1721 enirn

184 1739 342 1779 Indicus
359 1741 398 1778 in
414 1738 557 1794 plureis
587 1750 771 1777 cavernas
799 1737 966 1777 invicem
1000 1735 1354 1777 communicanteis
1371 1763 1381 1778 ‚
1411 1734 1473 1776 seu
1489 1738 1529 1776 in
1545 1737 1633 1791 plu-

183 1811 230 1838 ra
258 1795 525 1847 loculamenta
555 1792 760 1834 intrinsece
785 1792 838 1833 est
867 1792 1068 1832 diffec’tum
1093 1821 1103 1835 ‚
1135 1793 1192 1829 uti
1223 1790 1313 1831 sunt
1344 1806 1436 1832 vera
1466 1795 1632 1834 Cornua

182 1851 417 1893 Hammonis
445 1853 578 1892 omnia
604 1882 612 1889 .
648 1851 833 1888 Ceterum
864 1849 1001 1887 Cornu
1031 1847 1264 1887 Hammonis
1293 1846 1409 1889 testae
1439 1847 1530 1889 illae
1558 1864 1633 1890 vo-

182 1922 325 1950 cantur
340 1937 350 1951 ‚
377 1923 475 1963 quae
492 1919 648 1963 praeter
675 1905 782 1945 illam
798 1906 1037 1958 peculiarem
1054 1906 1251 1945 internam
1281 1903 1514 1946 structuram
1534 1936 1544 1951 ‚
1559 1920 1631 1955 ex&

182 1964 367 2007 trinsecus
399 1967 517 2005 etiam
547 1963 814 2005 diffectionem
841 1961 1074 2004 ostendunt,
1106 1974 1229 2014 neque
1250 1960 1338 2002 sunt
1356 1964 1521 2003 omnino
1550 1963 1630 2004 lae-

184 2038 251 2064 ves
270 2052 278 2066 ‚
297 2024 354 2063 uti
385 2021 541 2062 Nautili
558 2020 684 2061 Indici
714 2019 891 2072 vulgares
922 2030 1116 2074 apparent
1133 2050 1141 2058 .
1171 2019 1311 2072 Itaque
1340 2032 1438 2072 pace
1452 2020 1628 2076 praecla-

181 2079 419 2121 riffimorum
436 2080 612 2119 virorum
628 2109 637 2124 ,
653 2091 750 2131 quos
783 2077 905 2116 modo
923 2077 1140 2116 memoravi
1156 2102 1166 2116 ‚
1195 2089 1367 2130 corpora
1384 2077 1480 2117 haec
1495 2079 1628 2131 potius

186 2139 236 2179 ad
253 2139 414 2179 Cornua
439 2135 671 2177 Hammonis
699 2132 826 2175 refero
843 2162 854 2178 ‚
885 2146 1003 2187 quam
1034 2131 1084 2172 ad
1115 2131 1327 2176 Nautssos,
1354 2133 1461 2186 quod
1476 2135 1627 2231 exstrin-

1534 2205 1624 2233 ecus

323 2265 349 2292 la
372 2265 449 2299 quale
472 2265 510 2302 gli
532 2262 643 2293 Antichi
666 2287 674 2298 ‚
697 2273 712 2292 e
736 2273 793 2292 non
812 2260 961 2296 immerito,
983 2259 1163 2290 chiamarono
1184 2260 1306 2291 Thufcia
1327 2285 1335 2296 ,
1364 2260 1408 2290 nel
1430 2271 1529 2289 mezzo
1549 2261 1623 2291 della

322 2301 401 2333 quale
415 2324 421 2333 ,
444 2300 515 2334 quali
534 2299 576 2327 fra
600 2297 735 2327 bellissimi
756 2299 830 2332 piani
848 2296 865 2324 fi
890 2296 950 2324 leva
969 2307 1005 2324 uu
1028 2297 1124 2330 picciol
1147 2297 1244 2332 Colle,
1267 2297 1286 2324 il
1305 2297 1383 2331 quale
1404 2296 1422 2324 l'
1446 2305 1530 2331 acque
1552 2306 1621 2324 ven-

324 2336 448 2362 dicatrici
472 2335 542 2363 della
563 2333 654 2370 giusta
680 2335 719 2362 ira
741 2333 768 2361 di
796 2333 903 2365 Giove,
923 2331 1033 2365 quando
1060 2332 1070 2359 i
1095 2331 1243 2365 peccandi
1262 2333 1378 2360 Licaone
1403 2332 1573 2359 meritarono
1591 2331 1621 2359 di

324 2368 366 2397 far
389 2370 506 2405 allagare
527 2369 547 2397 il
566 2369 696 2403 Mondo,
718 2369 748 2396 vi
770 2365 873 2401 lascio,
892 2365 1008 2394 secondo
1032 2366 1049 2394 l'
1059 2367 1189 2401 opinione
1209 2366 1239 2395 di
1259 2366 1354 2401 molti,
1377 2366 1403 2394 la
1421 2366 1500 2400 quale
1522 2375 1619 2405 reputo

323 2414 409 2439 vera,
431 2402 587 2438 perciocche
608 2404 643 2432 ad
661 2403 795 2432 evidenza
815 2401 842 2430 di
865 2401 900 2429 tal
919 2401 1006 2429 venta
1025 2400 1044 2429 fi
1073 2400 1173 2429 mostra
1199 2402 1218 2429 il
1267 2401 1347 2430 icciol
1365 2402 1467 2437 poggio
1487 2401 1569 2439 pieno
1589 2399 1620 2428 d1

322 2439 427 2467 marine
451 2438 555 2467 Conchi
576 2440 611 2468 lie
667 2438 700 2466 ne
723 2447 820 2466 ancora
839 2435 858 2464 fi
876 2434 990 2470 possono
1012 2436 1033 2464 si
1060 2445 1129 2470 poco
1147 2436 1180 2464 nex
1202 2446 1249 2464 mo
1261 2446 1290 2464 to
1309 2436 1334 2464 le
1354 2437 1480 2464 'merrom
1500 2434 1528 2462 dx
1547 2435 1620 2468 quel-

322 2473 353 2501 lo
374 2475 502 2502 ricercare
522 2497 530 2508 ‚
549 2484 562 2502 c
585 2485 599 2502 e
620 2462 649 2502 cii
685 2473 753 2501 uelle
774 2470 995 2507 biancheggianti
1024 2480 1092 2499 tutte
1115 2481 1172 2499 non
1197 2471 1215 2499 si
1233 2472 1345 2499 trovino
1361 2495 1369 2505 ‚
1395 2481 1409 2498 e
1427 2469 1587 2498 fimilmente
1609 2470 1620 2498 i
1654 2494 1656 2496 .

325 2509 413 2536 Fiumi
432 2518 448 2537 a
465 2509 556 2542 quello
574 2483 749 2537 circonskanti
768 2507 814 2541 piri
839 2507 927 2535 veloci
949 2506 977 2534 di
999 2506 1078 2535 corso
1091 2529 1099 2541 ,
1121 2505 1170 2536 che
1181 2505 1280 2541 copiosi
1290 2505 1314 2535 d·
1326 2515 1420 2541 acque,
1436 2504 1462 2535 le
1478 2504 1540 2534 loro
1558 2514 1618 2533 ate-

325 2553 361 2573 ne
382 2543 411 2573 di
426 2543 519 2579 queste
537 2542 682 2574 medefime
703 2540 865 2579 Conchiglie
881 2541 1031 2578 dipingono
1043 2562 1050 2570 .
