1814 2902
186 208 238 243 72
640 191 1202 234 SPECIMEN

180 282 361 323 Navibus
393 282 437 321 &
467 279 569 320 Vrbi
600 277 751 322 nostrae
776 280 1013 336 praeberent
1041 308 1049 318 .
1081 279 1279 322 Distantia
1314 279 1428 334 hujus
1455 281 1592 325 Turris
1623 298 1648 325 a

180 340 283 380 Mari
303 365 313 381 ‚
344 348 390 377 ut
419 350 545 391 nuper
577 351 655 378 una
682 351 773 378 cum
790 337 904 380 Cella
919 339 1182 394 cognovimus
1207 368 1218 385 ‚
1242 336 1296 380 est
1312 337 1462 380 Pedum
1480 353 1650 383 mcccc-

186 407 341 435 Lxxxv-
364 391 673 435 Ariminensium
690 425 701 441 ,
731 396 775 436 &
794 396 931 437 Murus
960 397 1111 451 antiqui
1139 406 1278 450 portus
1308 397 1344 436 ei
1374 396 1549 450 adjectus
1576 399 1650 440 Pe·

183 452 295 492 dibus
313 463 484 491 cccxvr.
518 448 573 490 est
596 450 738 506 longus
755 482 766 498 ,
789 466 910 507 quare
939 467 1046 494 mare
1078 451 1229 494 receffit
1258 452 1335 493 hoc
1366 452 1458 494 loco
1484 467 1651 496 cloccc.

184 508 349 564 pedibus
383 535 394 551 ‚
424 522 447 547 a
473 506 643 548 Moeniis
675 522 816 565 nempe
831 509 945 550 Vrbis
976 540 986 555 ,
1017 524 1117 564 quae
1141 510 1267 552 Moles
1297 510 1364 550 illa
1388 541 1399 557 ,
1429 509 1491 551 seu
1513 512 1652 553 Murus

184 565 390 619 contingit
411 592 422 607 ‚
454 577 632 617 quaeque
661 564 760 605 olim
790 580 897 606 mare
925 566 1098 608 alluebat
1115 583 1125 612 ;
1156 565 1220 607 sed
1250 568 1373 620 magis
1403 566 1555 609 receffit
1571 569 1654 611 alio

185 624 228 662 in
247 622 338 662 loco
356 647 366 663 ‚
399 632 542 674 nempe
571 635 595 661 a
621 620 789 662 Moeniis
806 650 817 666 ,
848 635 948 677 quae
964 622 1050 664 sunt
1065 626 1115 664 ad
1131 633 1290 678 portam
1308 624 1496 678 Equitum
1512 655 1522 670 ,
1551 639 1652 680 quae

189 679 312 719 modo
345 677 458 717 ducit
489 677 539 716 ad
571 691 677 718 mare
708 706 715 713 -
755 679 818 720 Ibi
855 681 961 720 enim
999 694 1106 722 mare
1137 679 1254 720 distat
1284 681 1333 721 ab
1361 681 1457 721 urbe
1485 681 1652 724 Pedibus

186 747 480 775 croroccrxvr
523 733 830 776 Ariminenfibus
864 764 875 780 ,
907 738 951 776 &
983 738 1106 778 Porta
1135 736 1203 778 ista
1232 752 1255 778 a
1286 737 1453 778 Moeniis
1481 740 1654 793 antiquis

185 794 466 833 Romanorum
492 790 660 832 Pedibus
692 806 918 834 cccxx1111.
949 793 1064 835 distat
1093 810 1104 840 3
1133 796 1223 836 Hoc
1255 796 1361 834 enirn
1392 793 1521 849 spatio
1551 796 1657 849 adje-

184 851 268 889 c‘tio
302 863 495 890 novarum
528 850 694 889 Viarum
723 851 952 890 continetur
976 878 984 885 -
1017 850 1152 905 Qare
1190 851 1313 892 modo
1348 865 1454 892 mare
1485 851 1602 893 distat
1633 868 1657 894 a

190 907 362 947 Moeniis
393 906 674 946 Romanorum
712 906 878 948 Pedibus
915 919 1219 948 CIOCIDLXXXX·
1261 908 1335 949 Sed
1359 910 1487 961 major
1525 909 1657 950 adhuc

187 961 240 1003 est
268 961 451 1003 distantia
465 990 476 1006 ,
499 960 526 1003 fi
543 961 720 1003 mensura
737 962 912 1005 sumatur
930 965 978 1005 ab
994 962 1108 1004 ostio
1138 965 1234 1006 novi
1250 964 1416 1006 Portus.
1449 965 1593 1006 Verum
1611 977 1660 1007 ut

187 1021 327 1060 omnia
354 1021 392 1059 in
422 1033 545 1060 unum
573 1019 842 1062 conducamus
859 1052 870 1068 ,
896 1021 1076 1062 Receffus
1102 1021 1252 1064 medius
1283 1024 1405 1064 Maris
1434 1036 1458 1062 a
1487 1024 1657 1064 Moeniis

189 1078 303 1117 Vrbis
336 1075 487 1118 nostrae
518 1106 529 1122 ‚
567 1091 669 1133 quae
705 1079 802 1120 olim
834 1079 958 1135 ipsum
988 1078 1162 1122 alluebat
1189 1110 1200 1126 ,
1233 1079 1287 1121 est
1317 1080 1465 1121 Pedum
1498 1081 1658 1120 circiter

192 1147 405 1174 CIOIDCCL.
434 1136 571 1186 Qare
603 1136 744 1189 procul
770 1137 893 1179 dubio
921 1152 1056 1179 revera
1085 1137 1207 1178 modo
1238 1136 1328 1178 satis
1360 1138 1513 1191 patenti
1539 1152 1561 1177 a
1586 1142 1661 1177 no-'

192 1192 250 1231 bis
281 1188 434 1231 recessit
463 1192 574 1232 Mare
591 1219 601 1234 ,
633 1206 755 1246 quum
787 1203 850 1233 tot
878 1197 1015 1248 jugera
1031 1209 1218 1249 agrorum
1236 1194 1461 1234 Hortorum
1476 1193 1656 1234 Cultori-

189 1248 260 1288 bus
278 1276 288 1291 ‚
321 1249 365 1288 &
396 1247 445 1287 ad
474 1246 618 1303 segetes
649 1248 791 1289 idonea
828 1250 1032 1304 reliquerit
1057 1265 1067 1294 3
1099 1253 1208 1303 cujus
1240 1251 1295 1290 rei
1319 1252 1436 1290 turris
1461 1249 1504 1288 &
1534 1249 1657 1290 moles

193 1304 261 1344 illa
287 1301 452 1344 mirifica
482 1306 521 1343 in
545 1302 647 1344 ficco
673 1305 870 1345 haerentes
887 1305 1124 1359 sempiterna
1154 1316 1269 1346 erunt
1296 1305 1519 1346 testimonia
1586 1306 1662 1347 Sed

194 1361 324 1401 adhuc
357 1362 479 1414 magis
507 1375 613 1401 mare
650 1376 672 1402 a
700 1362 893 1403 Ravenna
927 1360 1079 1404 receffit
1108 1394 1120 1409 ‚
1157 1377 1257 1417 quae
1286 1362 1384 1403 olim
1413 1363 1658 1417 temporibus

192 1418 472 1458 Romanorum
494 1421 547 1459 ·&
578 1418 807 1459 Gothorum
838 1420 940 1460 intra
962 1422 1137 1473 'marinas
1163 1421 1337 1461 Lacunas
1363 1418 1431 1460 fita
1469 1432 1555 1470 erat
1571 1447 1581 1463 ,
1613 1429 1660 1460 ut

193 1490 296 1516 nunc
326 1475 416 1515 urbs
444 1474 676 1529 amplissima
706 1477 957 1516 Venetiarum
974 1504 983 1519 ,
1012 1479 1056 1517 &
1084 1488 1220 1518 tamen
1245 1477 1367 1518 modo
1385 1478 1425 1516 in
1442 1475 1545 1516 ficco
1569 1475 1660 1518 hae-

193 1544 254 1572 ret
290 1532 508 1577 Ravenna,
534 1543 580 1572 ut
608 1546 631 1571 a
661 1533 759 1571 mari
787 1532 908 1572 tribus
936 1532 1014 1572 fere
1042 1532 1214 1573 millibus
1231 1533 1396 1587 paffibus
1427 1532 1539 1572 distet
1555 1548 1566 1578 ς
1603 1533 1659 1573 di-

195 1587 333 1628 stantia
365 1586 452 1629 sane
481 1602 581 1642 quae
602 1586 655 1628 est
684 1588 808 1643 duplo
837 1588 898 1628 vel
924 1590 1045 1644 triplo
1069 1592 1222 1642 major,
1253 1593 1370 1643 quam
1397 1588 1662 1629 nostraama-

195 1647 253 1685 ri.
287 1645 422 1698 Qare
453 1644 535 1685 hoc
566 1645 750 1699 exemplo
768 1646 910 1684 moniti
941 1646 1156 1699 prudenter
1187 1646 1293 1688 idem
1308 1643 1376 1686 fibi
1393 1655 1571 1686 metuunt
1586 1647 1661 1686 ve-

197 1703 305 1747 neti,
336 1716 383 1741 ne
415 1699 561 1742 scilicet
588 1699 890 1755 praeclariffima
906 1716 1044 1742 eorum
1061 1703 1160 1743 Vrbs
1177 1730 1188 1746 ‚
1214 1704 1370 1757 quaein
1386 1704 1550 1744 Lacunis
1577 1716 1661 1743 ma-

195 1760 247 1799 ris
279 1756 405 1813 posita
435 1769 591 1799 tantum
606 1761 745 1799 ceteris
763 1758 958 1813 praestat,
989 1760 1148 1800 tandem
1165 1761 1204 1799 in
1221 1759 1324 1800 s1cco
1348 1759 1530 1823 haereat,
1561 1759 1661 1799 mul-

197 1829 361 1869 tumque
395 1817 430 1855 ei
462 1815 510 1856 de
541 1814 732 1872 praesenti
748 1814 978 1870 splendore,
1009 1818 1054 1855 ὃς
1083 1818 1176 1855 aeris
1209 1816 1434 1856 salubritate
1463 1816 1631 1856 decedat
1649 1845 1660 1861 ,

202 1882 321 1927 atque
351 1887 375 1912 a
407 1873 559 1913 duobus
584 1871 751 1911 Saeculis
769 1870 965 1924 sapienter
983 1871 1266 1927 Hydrometras
1297 1873 1426 1912 varios
1451 1871 1562 1927 super
1585 1871 1659 1912 hac

200 1944 243 1969 re
275 1927 577 1973 consuluerunt,
603 1929 668 1981 qui
695 1929 844 1982 magnis
874 1926 1062 1968 sumtibus
1092 1928 1281 1983 quaedam
1311 1928 1486 1969 Flumina
1521 1943 1544 1968 a
1584 1928 1660 1969 Ve-

206 1986 400 2025 netiarum
427 1986 590 2025 Lacunis
617 1984 834 2025 avertendo
868 1983 1038 2040 prospici
1065 1984 1168 2039 posse
1192 1986 1445 2025 crediderunt
1473 2017 1480 2024 .
1509 1986 1575 2025 An
1598 1999 1663 2027 ve·

201 2058 248 2083 ro
268 2043 344 2083 hoc
361 2044 481 2098 pacto
499 2043 664 2082 Lacunis
681 2039 946 2096 prospiciatur
964 2070 972 2083 ,
999 2043 1063 2082 alii
1080 2043 1253 2082 viderint
1269 2071 1276 2078 .
1294 2041 1479 2097 Polybius
1496 2041 1659 2096 quidem

209 2099 401 2140 excellens
426 2098 639 2139 Historicus
676 2096 912 2152 eximiusque
942 2097 1198 2152 Philosophus
1230 2097 1340 2138 fimul
1374 2127 1383 2141 ‚
1415 2098 1661 2153 ex-ingreffu

203 2157 344 2197 Tanais
374 2158 410 2195 in
437 2170 568 2199 mare,
597 2154 723 2209 ipsum
755 2154 826 2194 illo
852 2157 891 2194 in
921 2154 1014 2195 loco
1046 2157 1084 2194 in
1117 2155 1301 2194 Paludem
1329 2155 1436 2195 illam
1463 2154 1660 2196 celebrem

205 2214 241 2254 se
271 2211 534 2253 transmutasse
562 2213 688 2253 credit
716 2239 725 2255 ‚
752 2226 851 2266 quae
874 2211 1043 2251 Maeotis
1073 2211 1323 2265 appellatur,
1349 2223 1464 2266 atque
1495 2211 1571 2251 hoc
1595 2224 1660 2251 ex-

204 2269 339 2322 emplo
367 2271 538 2309 Pontum
572 2270 763 2308 Euxinum
793 2282 842 2309 ex
872 2266 957 2307 Istri
986 2298 996 2313 ,
1040 2268 1284 2323 Borysthenis
1312 2299 1323 2314 ,
1355 2270 1660 2322 aliorumque)

212 2340 443 2378 magnorum
476 2324 676 2366 fluminum
701 2322 880 2380 ingressu
917 2326 954 2363 in
984 2324 1166 2380 paludem
1195 2324 1513 2381 quoque-ipsum
1545 2322 1663 2365 trans-

208 2393 407 2424 mutatum
439 2384 485 2422 iri
516 2393 813 2437 argumentatur
844 2385 913 2430 (a)
944 2414 950 2421 .
996 2383 1144 2423 Verum
1174 2397 1196 2423 a
1229 2384 1470 2438 temporibus
1507 2381 1664 2477 Polygii

1546 2452 1597 2477 un
1628 2452 1666 2478 e-

243 2519 281 2549 sa)
303 2516 399 2554 Polyb.
412 2517 470 2546 Lrb.
484 2518 560 2546 IIII.
