1814 2902
335 558 534 598 Cocum
565 551 819 590 Pmoun,
851 553 896 581 rr
928 550 1018 590 Eva
1050 538 1341 577 opacum.

222 646 397 690 Ochleae
425 641 640 700 pun6tatae
655 665 666 682 ‚
696 634 758 677 seu
772 629 976 675 Neritulae
1007 629 1223 684 punstatae
1242 653 1253 669 ‚
1283 626 1327 665 &
1351 621 1558 664 umbilica-

238 717 327 750 tae,
356 715 457 757 quae
473 691 777 752 frequentissima
805 687 860 729 est
890 689 930 728 in
957 685 1089 727 nostro
1106 684 1235 728 mari,
1265 682 1309 721 ἃ
1333 679 1531 722 esculenta
1547 708 1556 722 ‚

120 763 269 806 coloris
295 760 346 802 ad
369 757 603 800 flavedinem
627 747 850 792 accedentis
869 776 880 791 ‚
902 746 946 785 &
961 743 1115 798 puncffis
1143 741 1262 793 nigris
1279 748 1419 778 notata
1436 764 1446 779 ‚
1464 733 1567 789 figu-

119 835 205 863 ram
235 819 324 859 heic
355 817 492 856 damus
509 839 519 855 ,
546 812 590 850 δε
605 821 725 863 quam
756 803 926 860 exprimi
950 801 1171 841 curavimus
1193 797 1292 838 Tab.
1308 795 1376 834 XI.
1401 791 1469 834 sub
1497 792 1562 832 lit.

117 889 205 918 tera
231 877 277 915 C.
309 875 422 916 Hanc
450 868 616 923 figuram
634 864 721 904 heic
738 862 874 902 damus
891 872 970 899 non
995 867 1163 913 propter
1191 851 1311 909 ipsam
1327 850 1559 895 Cochleam,

117 934 183 976 sed
200 941 366 990 propter
382 930 462 981 ejus
495 921 661 981 genesim
678 950 689 966 ,
719 919 767 960 de
783 931 861 972 qua
878 914 1050 971 sequenti
1080 913 1211 967 capite
1227 922 1386 964 agemus
1406 939 1413 946 .
1444 906 1566 947 Clau-

120 992 227 1032 ditur
249 989 345 1030 haec
361 984 536 1027 Cochlea
564 975 769 1035 Operculo
784 973 970 1028 Elliptico
995 987 1012 1011 e
1027 998 1038 1014 ‚
1072 968 1180 1024 quod
1206 962 1473 1007 solidiffimum
1496 961 1564 1005 est,

125 1048 170 1088 &
195 1046 375 1087 striatum
406 1072 416 1088 ‚
441 1039 504 1081 seu
535 1037 646 1078 lineis
684 1031 889 1088 spiralibus
919 1029 1112 1070 donatum
1129 1056 1140 1071 ‚
1167 1034 1215 1064 ut
1244 1021 1298 1063 est
1313 1017 1563 1077 Operculum¹

126 1104 326 1146 Cochleae
350 1099 522 1141 caelatae
552 1092 753 1150 peria-:eae
768 1117 780 1133 ‚
812 1087 922 1143 quod
947 1101 969 1126 a
991 1080 1224 1141 quibusdam
1253 1080 1352 1134 lapis
1369 1077 1562 1119 chelonia

113 1173 178 1202 tes
207 1162 408 1202 vocitatur
426 1184 433 1192 .
464 1151 666 1195 Esculenta
687 1145 740 1188 est
755 1177 764 1191 ‚
780 1155 823 1187 ut
838 1145 1022 1186 diximus,
1041 1141 1138 1182 haec
1151 1136 1330 1179 Cochlea
1340 1163 1351 1179 ‚
1366 1135 1410 1174 &
1424 1132 1560 1174 nostris

119 1216 385 1260 Piscatoribus
414 1211 535 1265 Bafino
566 1209 739 1250 dicitur·

121 1314 1520 1377 QQWWQQQQQQQQQ

459 1439 898 1508 CAPVT
977 1432 1255 1500 VIIII.

184 1579 246 1622 DE
278 1578 509 1622 FAvmmn,
538 1585 640 1620 QVAE
669 1570 898 1613 Mmmm
916 1593 928 1611 ‚
951 1566 995 1606 ὃς
1020 1563 1190 1605 KHPION
1217 1558 1501 1598 ARISTOTELI-

236 1668 445 1713 Ristoteles
469 1667 590 1708 Libro
607 1664 656 1703 V·
688 1661 736 1702 de
751 1656 994 1700 Animalium
1009 1650 1181 1692 Historia
1194 1648 1328 1702 capite
1343 1659 1408 1687 xv.
1437 1642 1567 1685 affer-it

253 1729 449 1781 Purpuras
479 1736 602 1764 verno
634 1729 813 1772 tempore
857 1715 897 1755 in
920 1711 1060 1752 eodem
1089 1706 1183 1747 loco
1214 1703 1248 1744 se
1272 1703 1310 1743 se
1334 1701 1564 1755 colligentes

129 1789 251 1830 Favos
275 1782 466 1839 quosdam
494 1779 630 1823 edere,
660 1776 728 1829 qui
753 1769 1018 1829 putaminibus
1035 1764 1186 1806 Ciceris
1204 1761 1283 1801 albi
1315 1758 1454 1800 similes
1477 1756 1568 1800 sint,

128 1849 173 1888 &
188 1857 268 1884 non
282 1841 406 1882 solum
423 1840 618 1890 Purpuras
633 1860 644 1875 ‚
673 1831 736 1872 sed
759 1830 802 1870 δι
820 1827 1008 1868 Buccinas
1026 1852 1035 1868 ,
1060 1824 1103 1861 &
1120 1817 1295 1872 Mytulos
1327 1816 1470 1857 eodem
1499 1828 1566 1855 ca-

128 1905 215 1958 pite
229 1902 285 1940 ait
299 1897 421 1937 Favos
438 1893 526 1934 istos
542 1891 654 1932 edere
670 1919 680 1934 ‚
694 1900 792 1942 quos
809 1884 937 1941 patria
955 1881 1087 1933 lingua
1105 1877 1329 1930 Μελίκηρας
1346 1903 1355 1917 ,
1378 1875 1421 1914 &
1438 1870 1566 1918 Κκειά

130 1967 251 2001 vocat
266 1987 274 1994 .
307 1953 378 1995 Sed
392 1950 626 1993 Theodorus
642 1948 751 1987 Gaza
771 1943 919 1999 primus
941 1938 1094 1978 horum*
1116 1935 1327 1975 Librorum
1346 1930 1568 1973 Aristotelis

133 2018 328 2068 interpres
356 2010 583 2063 Favaginem
608 2000 856 2056 nuncupavit
871 2024 882 2041 ‚
910 1998 952 2037 &
969 1990 1167 2044 Κηυάζεσ
1194 1992 1402 2045 favificare
1419 1989 1568 2044 primus

133 2073 259 2114 dixit.
288 2069 426 2121 Qum
449 2066 489 2105 in
514 2061 803 2103 mediterraneo
832 2055 933 2096 mari
960 2053 1010 2093 ad
1037 2053 1148 2091 littus
1171 2050 1319 2101 rejecta
1342 2045 1569 2099 frequenter

134 2127 250 2171 maffa
281 2124 471 2180 quaedam
504 2119 674 2174 spongiis
691 2145 701 2160 ,
732 2111 1057 2169 &putaminibus
1074 2107 1224 2148 Ciceris
1250 2104 1330 2145 albi
1351 2101 1484 2142 fimilis
1510 2116 1572 2142 re-

133 2187 305 2244 periatur
322 2213 332 2228 ,
363 2181 464 2222 hanc
482 2179 630 2233 primus
651 2175 871 2229 imperatus
901 2168 1135 2221 Favaginem
1150 2160 1369 2204 Aristotelis
1393 2173 1472 2199 non
1500 2159 1570 2199 im-

134 2244 279 2286 merito
304 2238 519 2295 appellavit
535 2262 544 2277 ‚
577 2230 731 2286 ejusque
763 2230 856 2270 duas
872 2223 1014 2279 figuras
1031 2223 1141 2264 dedit
1158 2249 1168 2265 ,
1198 2218 1261 2261 sed
1284 2231 1383 2273 quae
1399 2214 1570 2258 secundo

134 2301 229 2341 loco
255 2295 379 2354 pofita
395 2294 447 2336 est
463 2325 475 2342 ,
499 2285 803 2345 frequentissima
828 2284 1020 2340 reperitur
1042 2283 1083 2321 in
1101 2277 1232 2320 nostro
1249 2278 1406 2316 Littore
1422 2273 1471 2314 ad
1488 2287 1568 2314 ma-

136 2371 229 2413 gnas
260 2355 383 2395 moles
413 2353 529 2392 etiam
559 2349 729 2401 rejecsta.
760 2341 933 2385 Michael
964 2353 1123 2394 quoque
1141 2337 1339 2378 Mercatus
1372 2333 1413 2371 in
1428 2333 1570 2372 Arma-

134 2417 198 2456 rio
216 2413 324 2453 sexto
353 2424 438 2466 cap.
457 2408 529 2448 111.
564 2403 731 2460 figuram
748 2401 858 2442 dedit
886 2394 1045 2451 hujusce
1072 2396 1155 2440 rei,
1182 2390 1484 2446 &Alcyonium
1515 2385 1568 2427 se-

132 2471 310 2514 cundum
327 2463 569 2510 Dioscoridis
596 2459 813 2518 appellavit
831 2485 838 2495 -
871 2453 992 2497 Maffa
1013 2454 1108 2496 haec
1139 2466 1163 2494 a
1176 2447 1411 2504 Caesalpino
1425 2447 1570 2507 Spuma

1451 2514 1567 2542 mans
