1814 2902
529 240 576 280 M
604 239 624 278 Ῑ
654 237 694 278 N
723 236 761 279 V
790 238 812 278 S
870 235 913 274 N
942 235 980 274 O
1010 234 1045 275 T
1076 236 1094 274 1
1124 236 1146 274 S
1508 248 1555 282 41

138 327 698 360 γψὼψψψψ
707 295 1542 358 ψψψψψηψωιᾈψψ

131 398 623 488 PARS
765 390 1558 486 TERTIA

372 530 773 596 CAPVT
829 525 1309 595 PMMVM

160 633 371 675 Vnum
419 643 946 681 SOLVTAVMARs-VPIYM
991 641 1268 672 nunnus,
1309 639 1361 667 ΒΤ
1391 640 1560 672 Μοτνε,

187 702 432 732 νῐτᾼιεῐε
478 701 923 738 Manirtsnssnxn
961 698 1119 738 epuns
1165 698 1326 734 mnus
1359 685 1562 732 Annua,

188 759 392 787 nrnsrs.

127 838 158 876 I·
184 835 279 925 Α
295 838 540 893 Corporibus
566 840 726 882 marinis
758 839 885 879 m'inus
905 839 1012 878 -notis
1029 836 1188 893 quidem
1205 867 1215 882 ‚
1245 834 1310 876 sed
1344 833 1450 875 duris
1465 848 1562 890 pro-

308 905 396 950 pter
423 895 535 938 testas
567 897 611 937 &
639 895 782 936 crustat
806 923 818 939 ,
859 895 998 950 quibus
1026 894 1259 935 muniuntur
1277 920 1288 936 ‚
1319 892 1369 932 ad
1398 906 1442 931 ea
1474 904 1563 931 cor-

125 964 224 1005 pora.
247 954 398 994 marina
427 954 554 994 minus
584 962 680 993 nota
715 950 931 993 sermonem
961 949 1135 996 nostrum
1170 949 1329 990 tandem
1363 948 1564 988 converti-

127 1021 213 1050 mus
236 1040 247 1056 ,
277 1022 376 1063 quae
406 1010 592 1054 molliora
608 1008 858 1065 dicipoffunt
888 1038 899 1053 ‚
928 1016 1140 1063 propterea
1170 1006 1278 1064 quod
1313 1004 1374 1048 vel
1403 1001 1561 1044 mucosa

127 1062 225 1109 lint,
256 1064 319 1110 vel
343 1065 504 1107 carnosa
533 1097 545 1113 ,
575 1076 643 1113 aut
672 1065 924 1120 cartilaginea
941 1094 952 1109 ,
981 1062 1043 1104 sed
1071 1063 1174 1104 nuda
1202 1063 1368 1103 omnino
1399 1091 1408 1106 ,
1447 1060 1563 1103 omniv

127 1119 277 1162 scilicet
301 1120 468 1164 testaceo
497 1121 771 1177 crustaceoque
788 1130 1017 1175 tegumento
1045 1121 1186 1167 orbata
1204 1147 1212 1154 -
1230 1119 1364 1159 Primo
1383 1117 1475 1157 loco
1490 1130 1560 1156 oc-

129 1179 252 1218 currit
266 1179 378 1218 nobis
394 1179 529 1220 Vrtica
543 1179 641 1220 haec
671 1193 794 1233 parva
827 1175 1064 1232 marsupium
1098 1174 1291 1225 referens,
1324 1188 1402 1228 qua
1420 1171 1559 1213 aestate

127 1248 234 1278 mare
249 1233 441 1275 ‘nostrum
456 1233 578 1276 scatet
594 1264 604 1279 ,
629 1237 672 1276 &
689 1234 835 1276 retibus
860 1247 937 1272 una
953 1247 1044 1273 cum
1075 1230 1243 1288 piscibus
1262 1247 1283 1271 a
1301 1229 1561 1289 piscatoribus

129 1291 283 1345 capitur
300 1321 311 1336 ,
338 1291 429 1330 inde
444 1301 577 1333 tamen
592 1302 757 1347 propter
773 1299 952 1330 urentem
982 1291 1026 1328 &
1052 1300 1291 1330 venenatam
1325 1285 1558 1327 facultatem

126 1347 340 1400 rejicienda
355 1378 363 1387 .
392 1346 505 1388 Hanc
521 1348 719 1403 depictam
751 1345 911 1387 exhibet
926 1344 1079 1386 Tabula
1096 1346 1162 1385 IV·
1188 1342 1380 1399 figuraV.
1414 1340 1482 1383 sub
1498 1341 1562 1382 lit-,-

128 1412 210 1443 tera
222 1402 259 1441 F.
277 1404 434 1457 Corpus
458 1404 536 1450 hoc
561 1404 610 1445 ad
627 1403 841 1444 animantia
864 1400 1110 1442 referendum
1142 1399 1195 1440 est
1224 1412 1309 1440 tum
1339 1400 1432 1454 quia
1464 1412 1558 1438 nan-

128 1459 181 1500 do
205 1473 274 1513 per
289 1474 396 1500 mare
418 1458 542 1515 *longe
557 1460 714 1515 lateque
746 1469 937 1512 vagatur,
966 1469 1051 1502 tum
1070 1458 1161 1511 quia
1195 1457 1244 1496 ad
1262 1456 1373 1496 littus
1397 1470 1419 1495 a
1435 1453 1558 1509 pise-‚av

127 1517 277 1556 toribus
306 1518 492 1569 rejectum
510 1547 520 1563 ‚
537 1527 581 1558 ut
595 1515 706 1573 saepe
722 1516 806 1557 vidi
822 1545 831 1559 ‚
845 1523 977 1555 motus
1007 1513 1158 1557 vitaleis
1183 1512 1450 1568 palpitatione
1467 1525 1558 1565 qua-
1581 1557 1584 1560 ⁴

125 1572 219 1613 dam
233 1588 301 1629 per
317 1573 447 1627 plures
464 1572 580 1614 horas
612 1569 907 1617 manifestiffime
922 1571 1007 1613 edit
1021 1602 1030 1611 .
1060 1569 1179 1612 Pedes
1209 1569 1327 1610 habet
1356 1578 1528 1623 quatuor
1545 1596 1554 1611 ³

125 1629 169 1669 &
181 1643 354 1686 corpore
383 1628 437 1669 est
450 1630 651 1686 pellucido
667 1630 710 1668 ὅ(
726 1627 931 1683 splendido
952 1641 1000 1668 ut
1014 1626 1150 1672 oculos
1167 1626 1329 1668 hebetet
1341 1657 1350 1671 ‚
1368 1625 1556 1679 quemad-

127 1686 290 1726 modum
307 1685 481 1740 loquitur
496 1685 757 1727 Rondeletius
773 1685 821 1725 de
836 1685 973 1739 quinta
991 1682 1057 1725 sua
1072 1685 1214 1737 majori
1231 1683 1457 1723 Vrticarum
1476 1680 1558 1737 spe-

124 1742 212 1785 cie,
240 1756 339 1797 quae
352 1741 439 1784 heic
454 1756 610 1797 quoque
635 1741 816 1796 frequens
845 1743 1066 1795 reperitur,
1096 1741 1140 1780 &
1174 1738 1385 1781 vernacula
1416 1738 1555 1792 lingua

126 1798 265 1838 eodem
283 1800 388 1851 turpi
403 1801 559 1839 nomine
575 1813 621 1839 ac
638 1797 705 1838 ista
722 1813 742 1843 a
757 1796 892 1838 nostris
909 1798 1079 1838 donatur
1095 1828 1103 1836 .
1132 1798 1240 1840 Haec
1258 1810 1382 1852 parva
1413 1795 1556 1835 insun-

126 1854 180 1894 do
199 1852 380 1908 marsupii
405 1883 416 1899 ‚
443 1853 775 1910 quemadmodum
802 1854 846 1893 &
876 1852 944 1893 illa
972 1867 1116 1908 magna
1161 1854 1202 1892 in
1232 1866 1404 1906 corpore
1432 1851 1555 1907 pilei,

127 1913 331 1956 materiam
353 1912 563 1964 quamdam
583 1910 846 1954 subalbidam,
863 1912 907 1950 &
922 1911 1082 1950 minime
1099 1908 1341 1964 pellucidam
1358 1911 1552 1953 continet,

156 1981 246 2007 uam
274 1965 466 2008 viscerum
495 1969 588 2008 loco
619 1966 693 2007 istis
722 1966 963 2021 imperfedtis
990 1967 1254 2007 animantibus
1282 1964 1353 2006 effe
1382 1966 1527 2021 opinor
1545 1994 1554 2003 .

150 2021 363 2078 mpersedta
379 2038 482 2065 voco
497 2024 593 2066 haec
620 2024 836 2064 animantia
852 2051 863 2067 ,
896 2037 976 2062 non
993 2024 1102 2077 quod
1118 2022 1214 2063 mihi
1233 2020 1457 2077 persuasum
1485 2021 1554 2061 ha-

125 2079 239 2126 beam
256 2107 266 2123 .
299 2091 344 2120 ut
361 2080 496 2134 vulgus
512 2082 864 2136 Peripateticorum
889 2079 1008 2120 hodie
1022 2079 1070 2120 de
1088 2077 1238 2120 inseetis
1270 2078 1452 2119 omnibus
1475 2089 1555 2118 tur-

124 2136 231 2190 piter
257 2137 387 2177 credit
402 2165 413 2180 ‚
439 2152 462 2177 a
477 2140 586 2192 putri
601 2139 764 2178 materia
779 2138 876 2177 oriri
894 2166 903 2181 ,
926 2138 970 2176 &
983 2147 1216 2191 comparate
1231 2135 1280 2176 ad
1298 2134 1372 2175 alia
1388 2163 1398 2177 ,
1433 2145 1477 2174 ut
1493 2134 1553 2174 lo-

125 2203 300 2246 quuntur
325 2221 336 2238 ‚
366 2192 660 2248 imperfetstiora
688 2193 759 2234 effe
789 2211 796 2234 ;
825 2195 932 2240 Haec
962 2194 1066 2232 enim
1104 2191 1414 2247 imperfectionis
1447 2191 1548 2236 idea,

130 2261 250 2301 quam
285 2248 476 2291 exhibent
494 2281 504 2296 ‚
534 2265 591 2291 res
607 2249 660 2291 est
673 2249 788 2292 valde
802 2251 921 2290 dubia
939 2278 949 2293 ,
981 2264 1028 2290 ne
1047 2248 1176 2290 falsam
1209 2249 1340 2290 dicam
1363 2249 1528 2289 omnino
1544 2277 1552 2286 .

126 2303 232 2348 Nam
263 2317 534 2360 praeterquam
566 2308 672 2362 quod
695 2306 840 2350 animal
870 2306 1076 2361 quodlibet
1105 2304 1323 2360 perfecf'cum
1354 2304 1408 2346 est
1434 2306 1471 2344 in
1489 2304 1550 2348 sua

127 2358 255 2414 specie
270 2391 281 2407 ,
309 2362 528 2404 dummodo
543 2365 726 2405 mutilum
757 2375 824 2403 aut
842 2362 1124 2404 monstruosum
1160 2377 1239 2403 non
1257 2360 1302 2402 sit
1322 2377 1332 2406 ς
1349 2361 1547 2403 interdurn

126 2430 171 2456 ea
188 2417 433 2465 animalcula,
448 2434 546 2474 quae
563 2420 792 2475 imperfec‘ta
808 2421 995 2460 dicuntur
1012 2451 1020 2464 ‚
1052 2420 1113 2461 vel
1130 2430 1295 2475 propter
1325 2418 1548 2464 oculorum,

121 2474 266 2536 pedum
282 2503 294 2523 ,
326 2475 504 2519 cordium
520 2507 531 2525 ‚
546 2479 588 2519 &
605 2477 768 2525 aliarum
793 2492 924 2518 rerum
939 2475 1170 2523 structuram
1202 2478 1243 2516 ὅ(
1260 2489 1465 2520 numerum
1484 2489 1546 2515 ce-

855 2534 879 2578 F
1451 2533 1544 2573 teris
