1814 2902
428 221 1282 270 Ars-TVSMAR1T1M1
1536 239 1590 278 75

125 313 285 358 saeculis
316 311 437 355 mersa
467 314 507 354 in
538 326 648 355 mare
673 314 781 367 jacet
804 314 903 361 (a),
926 321 974 352 ut
1005 312 1174 352 turrium
1204 310 1347 352 mersae
1374 312 1481 354 urbis
1508 327 1594 356 ver-

127 373 225 414 tices
256 373 297 412 in
326 384 468 426 magna
492 372 609 411 maris
640 367 930 424 tranquillitate
958 379 1175 423 appareant
1192 395 1202 412 ‚
1229 369 1290 408 uti
1321 368 1497 411 historici
1519 386 1593 413 no-

127 428 196 470 stri
226 439 451 470 memorant
480 426 552 476 (b)
581 433 598 466 ?
627 426 752 479 Qod
780 426 998 465 maximum
1013 422 1068 464 est
1084 438 1249 478 magnae
1279 425 1483 478 cujusdam
1497 428 1596 470 allu-

127 488 256 528 vionis
286 493 588 526 monumentum
603 509 612 520 .
643 483 796 524 Tamen
825 495 932 522 mare
960 481 1016 521 ibi
1046 481 1218 522 multum
1244 479 1437 535 superiori
1465 483 1598 527 saecu-

130 543 174 584 lo
200 558 224 583 a
247 555 354 597 pago
383 539 619 582 Catholicae
635 567 647 584 ,
678 540 748 594 qui
804 552 903 593 rope
928 535 1093 578 mersam
1108 539 1248 579 urbem
1268 537 1435 580 surrexit
1452 569 1464 586 ,
1484 554 1597 584 rece.

133 600 255 641 debat
277 626 289 642 .
320 609 365 639 ut
396 597 514 638 turris
545 595 740 652 quaedam
767 553 1030 651 speculatoria
1065 594 1122 635 ibi
1152 593 1330 637 adversus
1366 597 1514 650 piratas
1543 599 1595 640 ab

128 655 363 699 Alexandro
378 654 470 696 Vn.
488 654 603 695 Pont.
622 655 731 695 Max.
749 652 798 693 ad
814 651 964 693 radices
977 653 1165 694 Focariae
1181 654 1452 709 promontorii
1470 681 1484 698 ,
1513 652 1592 701 seu,

128 724 176 754 ut
205 713 326 754 hodie
351 720 523 754 vocant,
554 712 752 752 montium
779 707 1014 750 Catholicae
1045 707 1267 750 constructa
1284 723 1355 765 per
1371 709 1487 764 plura
1516 723 1594 754 ter-

126 784 262 812 rarum
293 772 430 823 jugera
453 798 464 814 ,
485 781 579 822 quas
609 778 783 808 aratores
815 765 1002 807 colebant
1031 793 1044 810 ,
1075 765 1235 808 distaret
1252 797 1260 806 .
1293 767 1441 808 Verum
1471 767 1593 812 hodie

127 839 236 867 mare
266 826 324 866 ibi
354 826 451 866 vires
477 834 712 880 recuperat,
742 834 789 865 ut
822 824 939 864 turris
964 823 1059 870 illa,
1088 824 1133 864 &
1162 824 1239 864 alia
1268 821 1432 864 inferior
1447 826 1498 865 ab
1511 830 1593 879 ejus

127 882 242 924 undis
258 881 566 924 concutiantur,
598 882 643 920 &
671 878 740 921 nisi
768 880 1059 935 provideatur,
1091 880 1203 923 brevi
1219 879 1423 922 fortunam
1440 883 1595 926 vicinae

126 939 232 980 urbis
263 937 452 980 Conchae
480 935 555 978 smt
585 936 779 978 subiturae
804 966 812 973 ·
845 938 982 990 Qare
1009 951 1060 979 ex
1086 936 1143 978 his
1174 938 1355 979 omnibus
1379 967 1391 984 ,
1421 952 1522 994 quae
1551 941 1594 980 in

126 995 205 1036 hoc
240 994 391 1036 scholio
419 993 623 1036 retulimus
639 1025 650 1040 ,
679 1004 848 1051 apparet
875 995 979 1036 Mari
1001 993 1135 1035 nostro
1152 994 1388 1036 Hadriatico
1404 994 1594 1050 passiones

126 1052 215 1093 illas
253 1050 499 1093 secundarias
530 1050 739 1092 fluminum
779 1053 994 1093 convenire
1021 1081 1032 1096 ,
1064 1052 1182 1094 Alvei
1222 1052 1371 1094 scilicet
1402 1055 1596 1095 mutatio-

126 1123 218 1150 nem
240 1139 251 1154 ,
279 1107 413 1150 saltem
444 1110 484 1148 in
501 1120 640 1162 parte,
672 1107 980 1154 Corrosionem‚
1010 1111 1053 1150 &
1070 1108 1354 1152 Alluvionem,
1385 1112 1447 1150 uti
1476 1112 1594 1152 certis

128 1166 320 1220 exemplis
350 1164 765 1221 observationibusque
792 1167 1074 1220 probavimus..

447 1278 663 1320 SCHO
694 1279 727 1319 L
758 1280 774 1320 1
805 1280 913 1321 VM
969 1279 1290 1324 Vinum.

137 1426 143 1430 .
230 1394 266 1436 X
297 1406 379 1449 quo
403 1391 513 1433 Mare
543 1391 717 1434 nostrum
746 1408 770 1435 a
797 1395 1103 1437 Continentibus
1131 1394 1263 1437 Terris
1305 1397 1455 1440 recedit
1481 1427 1490 1442 ‚
1536 1400 1594 1438 uti

247 1451 297 1493 ab
325 1450 434 1491 Vrbe
464 1447 595 1490 nostra
612 1479 624 1496 ‚
654 1452 698 1492 ὃ(
727 1466 750 1492 a
774 1452 968 1493 Ravenna
998 1461 1135 1495 revera
1163 1451 1316 1495 receffit
1348 1483 1358 1499 ‚
1388 1469 1595 1509 argumen-

134 1520 274 1553 tantur
315 1508 436 1561 aliqui
467 1506 568 1547 olim
595 1510 803 1549 cacumina
834 1510 1137 1563 Apenninorum
1170 1510 1328 1551 tenuisse
1355 1542 1366 1558 ,
1397 1513 1441 1551 &
1465 1509 1597 1553 senfim

133 1564 304 1610 labendo
327 1562 391 1604 seu
420 1563 642 1605 recedendo
664 1578 714 1605 eo
744 1564 939 1607 deveniffe
955 1565 1024 1607 ubi
1039 1579 1143 1607 nunc
1164 1565 1218 1607 est
1232 1598 1244 1614 ,
1272 1569 1447 1609 tamdem
1471 1569 1512 1609 in
1538 1571 1596 1610 ni-

133 1623 262 1666 hilum
290 1620 354 1663 vel
386 1622 426 1660 in
453 1619 642 1660 Paludem
667 1621 842 1675 aliquam
871 1620 1081 1665 desiturum
1113 1652 1122 1661 .
1151 1625 1213 1665 Ac
1245 1636 1459 1679 propterea
1489 1627 1598 1666 Con-

135 1680 269 1737 chylia
294 1677 363 1719 illa
392 1677 570 1722 marina,
599 1690 699 1731 quae
726 1675 866 1732 paffim
904 1680 946 1719 in
981 1682 1164 1722 omnibus
1192 1683 1396 1724 Montibus
1422 1685 1601 1736 Apenni-

137 1739 211 1781 ni,
244 1737 288 1778 δε
318 1736 361 1774 in
389 1732 525 1774 nostris
550 1733 730 1775 Collibus
747 1764 758 1781 ,
786 1735 855 1789 qui
882 1733 968 1777 sunt
982 1739 1063 1790 ejus
1089 1738 1342 1794 Appendices
1360 1770 1371 1785 ‚
1399 1741 1599 1794 reperiun-

139 1806 232 1840 tur,
261 1805 434 1847 quorum
466 1790 657 1831 nonnulla
687 1790 878 1848 superiori
906 1793 1029 1835 Libro
1057 1797 1364 1837 memoravimus
1381 1827 1392 1842 ,
1417 1811 1499 1837 non
1525 1795 1599 1839 effe

138 1863 199 1892 res
230 1848 460 1890 Diluvianas
476 1877 488 1893 ,
517 1849 579 1888 uti
593 1849 798 1889 communi
821 1847 899 1890 sere
920 1852 1100 1891 omniurn
1116 1854 1306 1894 Gentium
1333 1852 1516 1895 consensu
1544 1868 1601 1894 re·-

139 1920 186 1948 ce
217 1916 302 1947 tum
318 1903 372 1946 est
387 1935 397 1950 ,
428 1906 472 1945 &
496 1917 620 1959 nuper
650 1904 790 1947 diserte
806 1906 994 1961 probavit
1007 1906 1305 1951 Woodwardus
1323 1938 1334 1954 ,
1364 1908 1426 1950 sed
1442 1912 1600 1952 exuvias

140 1977 162 2003 e
191 1978 212 2004 e
241 1963 292 2003 ab
322 1960 405 2017 ipso
436 1963 535 2002 mari
564 1961 696 2002 nostro
726 1990 736 2005 ,
765 1963 927 2017 quando
952 1966 1121 2006 monteis
1154 1965 1243 2006 illos
1274 1968 1446 2008 alluebat
1473 1997 1485 2014 ‚
1514 1967 1603 2009 reli-

142 2022 253 2062 etas.
279 2019 404 2073 Qod
437 2019 485 2059 de
501 2018 705 2059 Montibus
736 2019 874 2060 nostris
904 2021 1042 2061 Italiae
1071 2022 1209 2062 dicunt
1230 2050 1241 2066 ,
1272 2024 1313 2065 id
1330 2025 1379 2066 de
1397 2026 1600 2066 Montibus

143 2075 325 2119 univerfis
351 2077 469 2117 Orbis
495 2076 708 2117 Terrarum
724 2106 735 2122 ,
765 2077 806 2116 in
821 2077 958 2132 quibus
987 2077 1085 2119 haec
1116 2092 1372 2122 monumenta
1401 2083 1605 2123 inveniun-

145 2144 223 2180 tur,
239 2134 392 2175 dietum
407 2133 549 2175 volunt
570 2160 579 2169 ·
597 2133 708 2187 Qid
724 2135 843 2178 enim,
859 2136 984 2187 ajunt,
998 2150 1097 2191 opus
1112 2134 1175 2182 est,
1192 2147 1236 2177 ut
1251 2138 1491 2192 explicemus
1508 2153 1602 2193 quo-

146 2191 269 2232 modo
302 2192 473 2232 marinae
503 2190 691 2231 Conchae
706 2219 717 2234 ‚
746 2192 791 2232 δε
805 2191 997 2232 Vmbilici
1012 2194 1112 2233 varii
1127 2195 1166 2233 in
1183 2195 1389 2236 Montibus
1405 2198 1604 2250 reperian⁶

145 2257 212 2287 tur
228 2279 240 2294 ,
267 2258 448 2303 tempora
466 2248 661 2289 Noachici
676 2248 912 2305 Cataclysmi
939 2250 980 2289 in
1001 2250 1173 2291 medium
1196 2251 1417 2296 adducere,
1447 2253 1511 2294 vel
1538 2253 1603 2293 Fa-

145 2303 255 2344 bulas
284 2303 544 2346 Certaldenfis
561 2307 602 2344 in
617 2305 840 2362 Philocopo
856 2306 906 2349 de
920 2307 1104 2362 Lycaone
1123 2338 1132 2352 ,
1158 2308 1220 2350 vel
1235 2310 1404 2365 denique
1426 2309 1509 2350 illas
1526 2312 1604 2351 Ve-

147 2359 271 2400 nufini
300 2363 410 2402 Vatis
440 2362 489 2402 de
507 2362 654 2403 Proteo
680 2393 693 2410 ,
730 2367 799 2419 qui
828 2363 925 2405 olim
943 2395 952 2409 ,
978 2375 1021 2405 ut
1051 2364 1130 2419 ipse
1160 2365 1338 2420 loquitur
1355 2395 1365 2410 ,
1390 2367 1510 2407 Pecus
1542 2369 1605 2407 Pi-

145 2415 270 2459 scium
289 2420 371 2474 egit
392 2419 491 2460 altos
507 2417 627 2462 visere
641 2423 840 2464 monteis?
863 2421 974 2474 Qid
994 2453 1005 2468 ,
1033 2424 1215 2478 inquiunt
1229 2451 1240 2468 ,
1271 2436 1371 2479 opus
1387 2422 1438 2466 est
1454 2423 1605 2464 Wood-

925 2480 962 2520 K
992 2493 1017 2520 2
1474 2480 1604 2523 wardi

178 2555 218 2586 (a)
238 2553 394 2584 Baudmnd.
416 2554 566 2593 Geograph.
587 2555 635 2584 fd.
660 2561 733 2586 τόθι,
876 2557 918 2589 (b)
938 2557 1046 2593 Rafael.
1064 2557 1188 2589 Adimam
1200 2559 1251 2588 Sic.
1264 2560 1367 2590 Rimin,
1380 2560 1400 2589 l.
1416 2570 1439 2588 ι.
