1814 2902
182 231 227 272 84
485 227 956 271 APPENDIX
1016 230 1334 272 PRIMA-

184 314 262 356 sani
280 311 500 354 Columnae
517 344 528 359 ,
558 315 602 354 &
632 315 777 355 iterum
801 315 889 357 heic
919 315 1137 359 describam
1162 319 1202 358 in
1219 318 1454 373 Appendice
1484 317 1651 360 secunda

183 372 296 424 hujus
313 369 419 411 Libri
437 399 447 415 ,
478 384 577 425 quae
599 385 656 412 res
682 371 773 412 alias
791 374 914 413 minus
932 385 1042 415 notas
1059 376 1282 416 continebit
1299 407 1305 414 .

241 427 299 466 IV.
331 426 416 481 Pag-
438 439 471 476 9.
490 429 555 467 lin.
573 436 637 469 26.
655 429 858 470 struetura
884 432 1035 471 interna
1056 431 1168 485 hujus
1183 430 1319 474 Testae
1338 461 1348 476 ‚
1377 430 1526 474 scilicet
1549 435 1649 474 Cor-

184 500 239 526 nu
261 485 492 524 Hammonis
517 483 633 524 nostri
661 487 791 540 primo
817 485 909 527 loco
938 489 1094 530 notati,
1110 491 1253 530 mirum
1283 491 1322 529 in
1339 490 1503 530 modum
1534 492 1648 531 aucta

184 541 261 582 suit
285 541 387 581 lente
405 541 542 590 vitrea>
559 542 597 580 in
627 542 761 581 Indice
793 543 991 584 luculento
1019 543 1221 586 Testarum
1237 574 1246 588 ,
1276 547 1320 586 &
1336 545 1649 602 Conchyliorum

187 598 350 639 Nicolai
369 598 549 639 Gualteri
568 598 609 637 ’ιέ
623 595 823 654 μακαρία
838 601 933 642 Tab.
951 601 1054 642 XIX.
1072 600 1135 655 fig.
1153 602 1203 641 H.
1220 603 1263 641 &
1278 603 1307 642 Ι.

244 657 283 696 V-
317 654 400 710 Pag.
425 668 483 695 10.
500 656 525 695 l.
544 671 580 702 7.
607 660 798 698 Abundat
821 660 941 698 etiam
971 658 1046 698 hoc
1062 660 1199 699 Cornu
1214 660 1446 700 Hammonis
1462 661 1503 700 in
1519 659 1621 700 colle
1644 690 1655 706 ‚

185 713 252 752 ubi
273 710 388 752 situm
421 710 474 752 est
489 713 853 768 Archangelianum
869 715 1079 770 Oppidum
1097 715 1230 757 nobile
1245 716 1480 758 Dioecesews
1506 716 1656 757 nostrae

183 770 274 810 VII·
296 780 454 819 tantum
483 769 609 811 millia
641 770 813 825 paffiium
844 775 894 813 ab
908 773 1004 813 urbe
1021 771 1150 813 nostra
1178 771 1316 813 distans
1335 801 1343 809 .
1376 774 1480 816 Item
1512 775 1660 828 reperi-

185 838 251 866 tur
276 828 314 866 in
331 841 445 866 arena
464 826 615 869 Senensi
645 841 757 870 extra
784 840 940 883 portam
955 829 1223 870 Florentinam
1240 831 1279 869 in
1294 829 1386 871 loco
1403 833 1453 872 ad
1480 832 1654 886 primum

185 883 357 939 lapidem
384 881 453 923 fito
472 913 481 928 ‚
512 886 580 939 qui
604 886 750 939 vulgo:
782 887 947 928 Palazzo
979 885 1031 925 de'
1048 887 1200 926 Diavoli
1225 888 1455 929 nominatur
1474 920 1483 934 ‚
1512 899 1557 927 ut
1581 903 1657 942 ego

185 938 314 995 scripsi
338 940 386 979 ad
416 939 649 995 Philippum
681 944 890 996 Breynium
911 940 1080 997 Epistola
1103 943 1323 983 Florentiae
1353 959 1385 983 a.
1403 946 1440 985 d.
1461 945 1547 984 XII.
1567 943 1655 998 Kal.

187 996 369 1038 Sextilias
397 1011 502 1037 anno
520 1010 638 1040 c1010
652 1018 792 1040 ccxrar.
818 1001 911 1041 data
929 1029 937 1044 ‚
971 1014 1071 1053 quae
1087 1001 1194 1041 edita
1211 999 1286 1040 fuit
1311 1015 1414 1041 anno
1429 999 1601 1056 sequenti
1618 1003 1660 1039 in

185 1054 318 1094 Tomo
345 1055 476 1108 primo
495 1055 822 1097 Adversariorum
843 1057 1070 1098 Luceulium
1087 1088 1098 1104 ‚
1129 1070 1254 1111 quae:
1287 1058 1485 1100 Memoriae
1502 1060 1605 1114 sopra
1621 1058 1660 1098 la

189 1111 297 1163 szfica
313 1139 322 1153 ‚
357 1126 373 1150 e
390 1112 508 1151 Storia
524 1112 711 1155 Naturale
726 1114 992 1156 inscribuntur
1011 1147 1018 1155 .

248 1168 305 1209 VI·
338 1168 425 1222 Pag-
450 1170 695 1224 10.Cap.111.
720 1170 884 1212 num0.1.
918 1173 979 1212 Ad
1010 1172 1218 1213 Nautilum
1251 1172 1415 1216 refertur
1430 1173 1661 1216 Testaceum

188 1225 266 1266 hoc
284 1226 490 1265 minimum
509 1241 530 1266 a
547 1227 756 1268 Gualterio
773 1228 870 1268 Tab.
888 1229 982 1267 XIX
1013 1231 1054 1269 &
1071 1231 1173 1269 rec‘te
1192 1246 1201 1274 ;
1221 1231 1352 1284 Spirae
1369 1233 1473 1272 enim
1490 1237 1569 1284 ejus
1582 1258 1593 1273 ,
1618 1230 1664 1269 li-

189 1293 255 1323 cet
270 1279 508 1322 extrinsecus
528 1297 775 1338 apparentes,
793 1286 836 1325 &
852 1284 1088 1341 perspicuae,
1105 1285 1195 1326 velo
1214 1289 1389 1340 quodam
1407 1287 1576 1327 testaceo
1592 1287 1665 1326 ob-

189 1340 416 1380 ducuntur·
450 1339 548 1379 Mihi
566 1340 724 1381 Medico
740 1369 749 1384 ‚
781 1342 824 1380 &
839 1340 1081 1395 Philosopho
1103 1344 1262 1396 ignotae
1291 1338 1402 1384 erant
1419 1343 1591 1397 viginti,
1618 1342 1663 1381 &

189 1397 358 1451 amplius
388 1397 438 1436 ab
465 1395 579 1437 heinc
612 1399 720 1438 annis
738 1426 748 1441 ,
782 1398 940 1452 quando
971 1397 1119 1439 scilicet
1147 1399 1246 1440 liber
1278 1415 1383 1441 meus
1412 1400 1461 1440 de
1486 1398 1677 1452 Conchis.

190 1454 317 1495 minus
347 1454 449 1492 notis
481 1455 653 1507 primum
683 1455 807 1495 editus
825 1455 899 1495 fuit
917 1485 925 1499 ‚
959 1454 1114 1497 subtiles
1140 1455 1229 1497 istae
1260 1469 1525 1511 externaeque
1555 1455 1666 1497 diffe-

190 1512 341 1551 rentiae
359 1510 462 1549 inter
478 1511 735 1550 Hammonias
754 1540 763 1554 ‚
795 1511 1055 1567 Nautilosque
1071 1540 1081 1555 ‚
1112 1514 1154 1551 &
1171 1514 1220 1553 ab
1245 1515 1399 1554 interna
1425 1526 1581 1554 tantum
1598 1528 1666 1553 eo-

189 1581 279 1608 rum
297 1565 471 1606 cellulari
488 1565 678 1608 structura
702 1568 1003 1610 denominabam
1023 1597 1030 1605 ·
1064 1571 1303 1610 Hammonia
1329 1572 1449 1625 igitur
1466 1599 1476 1613 ‚
1503 1568 1562 1609 seu
1580 1568 1667 1610 vul·-

192 1639 245 1681 go
262 1625 494 1666 Hammonis
526 1626 687 1665 Cornua
719 1623 805 1665 fiant
830 1640 876 1665 ea.
902 1625 1085 1667 Testacea
1115 1627 1279 1680 Spiralia
1296 1657 1305 1672 ,
1337 1642 1508 1681 quorum
1528 1628 1662 1681 Spirae

189 1683 302 1722 nullo
330 1680 551 1722 velamento
576 1681 816 1724 extrinsecus
839 1682 1117 1723 obducuntur.
1148 1683 1304 1724 Nautili
1331 1699 1425 1725 vero
1443 1681 1529 1723 sunt
1549 1711 1559 1727 ‚
1595 1683 1664 1737 qui

122 1742 124 1745 ’
193 1738 331 1793 aliquo
354 1738 580 1780 velamento
605 1738 772 1780 testaceo
789 1741 1022 1795 operiuntur
1037 1767 1046 1783 ‚
1076 1750 1121 1780 ut
1134 1755 1272 1781 eorum
1289 1738 1411 1795 spirae
1443 1741 1578 1794 aliquo
1595 1753 1667 1794 pa-

197 1798 264 1837 &o
282 1806 546 1850 contegantur
563 1826 572 1842 ,
604 1808 650 1836 ut
665 1794 933 1849 conteguntur
947 1799 1112 1836 omnino
1128 1798 1167 1836 in
1184 1797 1350 1836 Nautilo
1367 1797 1437 1836 illo
1452 1811 1668 1850 praegran-

196 1854 236 1894 di
266 1852 435 1898 Indico,
466 1868 488 1892 a
512 1868 593 1905 quo
622 1853 776 1892 Nautili
806 1867 941 1892 omnes
971 1852 1092 1892 modo
1121 1852 1223 1907 apud
1243 1853 1442 1893 Naturalis
1470 1851 1666 1894 Historiae

196 1912 414 1963 Scriptores
445 1911 697 1949 vocitantur.
728 1909 834 1949 Dico
851 1910 998 1954 modo3
1028 1923 1120 1949 nam
1149 1919 1262 1950 antea
1278 1909 1464 1950 Nautilus
1495 1910 1669 1951 vocaba-

198 1979 262 2007 tur
293 1964 405 2005 Testa
439 1965 506 2005 illa
537 1965 777 2020 perpulchra
799 1965 943 2020 Polypi
973 1980 1092 2020 genus
1123 1967 1356 2010 continens,
1385 1964 1668 2006 &Aristotelis

198 2024 304 2064 dieta
326 2052 336 2066 ‚
366 2036 465 2076 quae
497 2024 546 2062 ad
563 2024 780 2077 Cymbium
796 2039 818 2062 a
833 2022 1038 2063 Gualterio
1063 2020 1302 2064 ‘amandatur
1318 2051 1329 2066 ‚
1360 2023 1468 2077 quod
1493 2021 1670 2063 intrinse-

199 2095 265 2121 cus
282 2081 320 2119 in
344 2079 458 2133 plura
491 2079 753 2120 loculamenta
769 2078 908 2120 nonsit
923 2078 1069 2121 secreta
1085 2108 1097 2128 ,
1128 2082 1188 2121 uti
1206 2079 1291 2120 sunt
1314 2079 1565 2121 veriNautili
1581 2110 1593 2126 ,
1622 2080 1666 2121 δι’.

202 2151 294 2179 vera
308 2136 541 2177 Hammonis
558 2138 720 2178 Cornua
736 2139 892 2178 omnia.

262 2193 335 2233 VH.
361 2193 448 2248 Pag·
476 2207 534 2234 Π.
567 2193 684 2235 numo.
702 2193 746 2234 ΙΙ.
775 2196 838 2234 Iin—
856 2195 1011 2235 ultima.
1043 2194 1141 2234 Sunt
1156 2194 1320 2248 Lapides
1349 2207 1399 2235 ex
1415 2192 1591 2235 Gaffiana
1625 2195 1665 2233 in

205 2265 300 2305 agro
318 2247 454 2291 Pisano
470 2265 518 2291 ex
534 2249 755 2304 hujusmodi
771 2250 925 2292 Nautili
944 2252 1097 2291 minimi
1113 2265 1251 2304 genere
1266 2253 1431 2292 omnino
1461 2252 1663 2297 concreti,

206 2309 249 2347 &
279 2321 371 2346 cum
402 2318 506 2347 terra
530 2306 628 2349 flava
653 2306 925 2349 ferruminati.
957 2309 1059 2348 Item
1092 2310 1279 2362 permixti
1311 2307 1397 2349 sunt
1421 2307 1578 2349 Nautili
1607 2307 1666 2347 isti

208 2365 362 2404 minimi
381 2365 420 2403 in
453 2366 568 2405 variis
599 2366 709 2406 terris
735 2364 975 2407 diversorum
999 2365 1202 2405 Montium
1233 2366 1398 2408 Italiae,
1428 2366 1472 2404 &
1501 2367 1541 2404 in
1567 2365 1670 2405 Mari

210 2419 342 2460 nostro
371 2421 477 2461 cibus
496 2420 583 2461 sunt
596 2422 785 2463 Conchae
814 2423 914 2462 illius
931 2453 941 2468 ,
970 2418 1090 2477 quam
1106 2423 1372 2478 Amygdalam
1398 2423 1588 2463 marinam
1604 2436 1675 2461 vo-

202 2479 384 2519 cavimus
413 2479 512 2534 Cap.
545 2475 658 2519 ΧῙΠῙ
691 2478 815 2524 numo.
834 2480 885 2520 Π.
903 2493 1025 2534 quum
1056 2494 1192 2520 eorum
1217 2479 1474 2522 Stomachus,
1504 2479 1547 2517 &
1572 2480 1676 2573 hute-

1609 2548 1672 2575 ina
