1814 2902
570 207 1187 262 Mrnszoi-is
1558 221 1603 251 ιι

160 295 249 341 sunt
263 327 274 344 ‚
291 298 336 338 &
351 309 373 337 a
388 297 538 352 puncsto
555 298 595 337 in
607 297 740 338 medio
754 298 832 349 ejus
848 322 858 338 ‚
876 294 985 349 quod
1001 293 1126 337 veluti
1139 300 1324 337 ,centrum
1339 288 1394 332 est
1408 318 1419 335 ,
1443 292 1605 348 prodire

164 354 375 396 videntur.
406 354 498 394 Hoc
516 357 709 409 punctum
738 351 1026 406 aliquantulum
1057 348 1208 404 prostat
1225 377 1235 392 ,
1266 349 1357 389 ideo
1372 349 1608 390 umbilicum

164 413 459 466 prominentem
496 412 642 453 vocavi
669 425 681 455 ;
718 422 959 465 quamquam
987 407 1108 461 vulgo
1137 406 1187 446 ab
1216 406 1393 449 Naturae
1422 405 1608 447 historiae

166 468 430 522 Scriptoribus
459 467 647 508 Conchae
677 469 722 508 ὃς
747 465 947 506 Cochleae
975 463 1231 506 umbilicatae
1262 473 1459 505 vocentur
1488 463 1607 510 illae,

159 539 266 579 quae
281 524 415 578 aliquo
430 523 620 567 foramine
649 526 690 564 in
716 523 850 567 medio
877 521 964 563 sunt
996 520 1168 561 donatae
1185 550 1193 558 .
1222 520 1412 560 Ceterum
1430 522 1606 573 quamvis

163 580 432 623 orbiculatum
448 596 498 623 ex
513 585 592 636 ejus
608 580 782 632 rotunda
808 577 938 633 ‘figura
967 578 1256 623 nominaverim
1274 604 1283 618 ‚
1305 589 1436 616 tamen
1454 575 1609 632 planius

162 637 475 694 &compreffius
503 639 582 686 est,
601 653 726 693 quam
750 636 920 691 reliquae
945 634 1059 688 hujus
1091 635 1241 688 generis
1256 632 1393 674 Testae
1410 661 1419 678 ‚
1448 635 1497 674 ὅ(
1513 632 1609 674 licet

164 696 383 736 rotundum
400 697 517 750 plane
531 705 722 751 appareat
738 723 748 738 ‚
767 692 807 734 id
822 695 955 735 evenit
971 695 1078 746 quod
1094 690 1325 746 plerumque
1342 705 1385 731 os
1402 691 1522 731 habet
1538 690 1612 731 clif-

166 751 336 792 fradtum
353 780 366 795 ‚
394 752 731 806 quemadmodum
747 750 846 792 illud
857 750 910 790 est
925 782 936 797 ,
950 749 1060 803 quod
1090 747 1218 803 figura
1232 748 1285 789 ΙΙ.
1302 747 1400 788 Tab.
1419 749 1449 787 Ι.
1469 748 1610 789 litteris

161 810 190 848 E
205 810 288 850 &F
304 811 355 850 ab
380 807 609 850 Artificibus
633 822 720 849 aere
753 808 827 849 fuit
857 805 1078 862 expressum
1107 835 1114 842 .
1149 807 1339 846 Ceterum
1367 820 1413 845 os
1440 807 1483 848 <in
1509 806 1608 846 inte-

161 866 238 920 gris
253 866 297 905 &
312 881 392 907 non
409 865 590 922 disruptis
623 876 808 922 apertum
836 864 891 906 est
908 896 918 909 ,
934 875 980 905 ut
995 865 1035 903 in
1065 861 1192 918 figura
1209 862 1280 903 ΙΙΙ,
1295 864 1338 902 ὃς
1354 861 1424 902 IV.
1449 862 1608 902 alterius

158 921 297 965 Testae
319 924 364 965 in
385 923 522 964 eadem
534 924 692 964 Tabula
719 922 852 963 videre
881 921 976 962 licet
1008 949 1016 956 -
1045 919 1171 960 Moles
1198 933 1379 975 corporis
1408 917 1461 960 est
1490 921 1610 959 mini-

162 995 229 1022 ma
245 1008 255 1024 ‚
282 992 328 1021 ut
344 981 640 1037 praecedentis,
668 978 732 1020 sed
755 980 957 1020 interdum
973 977 1098 1032 duplo
1114 1008 1126 1024 ‚
1151 976 1214 1019 vel
1239 976 1362 1032 triplo
1392 978 1519 1030 major
1548 991 1609 1019 re·-

160 1047 335 1094 peritur.

216 1094 267 1134 II.
300 1092 516 1148 Vestigium
531 1095 682 1136 nullum
699 1094 1024 1147 invenitur'hujus
1048 1092 1308 1149 pulcherrimi
1333 1094 1472 1133 Cornu
1487 1091 1610 1133 Ham-

159 1153 288 1193 monis
305 1149 435 1192 foffilis
465 1153 506 1192 in
522 1167 640 1193 arena
669 1152 734 1192 illa
761 1150 863 1194 flava
888 1149 1119 1194 Bononienfi
1137 1179 1147 1193 ‚
1180 1149 1229 1188 de
1256 1162 1334 1202 qua
1353 1151 1393 1188 in
1416 1148 1609 1204 superiori

157 1209 290 1264 capite
305 1236 316 1252 ‚
341 1209 675 1262 quemadmodum
700 1223 827 1264 neque
860 1209 984 1250 ullum
1005 1208 1111 1248 aliud
1129 1210 1267 1248 Cornu
1283 1205 1517 1247 Hammonis
1545 1222 1610 1261 ge·-

153 1279 228 1306 nus
256 1276 409 1319 praeter
433 1265 607 1307 nostrum
638 1266 734 1307 illud
766 1269 938 1322 primum
966 1262 1274 1319 vulgatiffimum
1309 1294 1315 1299 .
1347 1266 1405 1305 At
1436 1266 1475 1303 in
1505 1274 1609 1306 terra

159 1322 264 1363 illius
291 1323 409 1361 Strati
436 1325 580 1362 montis
611 1322 731 1363 nostri
761 1323 988 1378 Covignani
1018 1331 1128 1361 tanta
1158 1319 1211 1361 est
1237 1322 1295 1361 vis
1326 1320 1441 1374 hujus
1471 1320 1608 1363 Testae

157 1376 289 1420 foffilis
304 1408 315 1424 ,
344 1389 388 1418 ut
403 1380 635 1433 quingentas
651 1380 812 1420 circiter
827 1381 866 1419 in
884 1381 1001 1420 unica
1031 1380 1149 1418 uncia
1179 1380 1469 1419 numeraverim
1489 1407 1497 1414 .
1530 1379 1612 1419 Im-

158 1450 227 1476 mo
245 1437 285 1475 in
302 1435 453 1489 reliqua
468 1437 600 1476 Arena
622 1436 724 1477 flava
750 1433 922 1489 ejusdem
949 1436 1096 1478 montis
1114 1463 1124 1478 ‚
1160 1436 1202 1475 in
1216 1450 1294 1490 qua
1312 1436 1474 1475 Cornua
1488 1437 1607 1476 Ham-

157 1491 283 1533 monis
299 1490 437 1532 foffilia
466 1494 718 1546 reperiuntur
733 1524 744 1538 ,
773 1493 1006 1549 plerumque
1031 1493 1144 1545 hujus
1164 1493 1313 1545 generis
1331 1490 1443 1531 sunt.
1466 1493 1513 1532 In
1530 1504 1609 1534 ter-

158 1564 203 1591 ra
229 1549 400 1604 quadam
428 1563 478 1589 ex
506 1547 750 1590 Certaldenfi
778 1565 874 1604 agro
918 1552 957 1591 in
988 1551 1142 1590 Etruria
1178 1551 1290 1591 vario
1326 1548 1606 1592 Testaceorum

159 1609 300 1662 genere
315 1604 584 1650 refertissima,
615 1621 735 1661 quam
765 1608 815 1648 ad
847 1622 909 1648 me
937 1608 1034 1649 olim
1067 1605 1224 1648 miserat
1240 1608 1376 1648 Petrus
1396 1607 1607 1650 Michelius

159 1662 315 1718 insignis
340 1665 548 1703 Botanicus
565 1691 576 1706 ,
606 1665 649 1703 ὃς
673 1663 890 1705 Historicus
910 1665 1097 1706 naturalis
1129 1664 1374 1706 Florentinus
1392 1693 1402 1708 ‚
1430 1665 1607 1720 mihique

161 1721 256 1761 dum
271 1722 425 1761 viveret
440 1732 609 1776 propter
625 1720 840 1763 studiorum
855 1723 1180 1775 conjunctionem
1198 1719 1447 1764 amiciffimus
1464 1750 1474 1766 ‚
1508 1723 1608 1764 mul-

161 1788 204 1818 ta
220 1776 334 1829 hujus
349 1776 605 1830 pulcherrimi
626 1777 802 1820 Testacei
830 1779 1013 1834 exempla
1043 1781 1194 1832 integra
1210 1778 1326 1833 plane
1344 1782 1482 1822 omnia
1496 1796 1607 1836 repe-

161 1835 428 1882 riuntur(a).
457 1832 626 1875 Fortaffe
658 1845 763 1875 terra
809 1835 905 1876 haec
936 1833 1197 1876 Certaldenlis
1228 1835 1457 1888 hujusmodi
1476 1838 1608 1879 Testa-

123 1921 127 1923 -
162 1892 238 1931 ceis
253 1889 416 1934 referta,
441 1905 490 1931 ex
513 1888 681 1946 ipsomet
707 1891 778 1933 illo
801 1893 905 1934 colle
928 1893 1048 1934 ,allata
1072 1891 1126 1933 est
1142 1919 1152 1934 ‚
1185 1902 1305 1947 atque
1330 1907 1380 1934 ex
1411 1892 1496 1949 ipsis
1528 1906 1609 1936 tor-

162 1948 338 1987 rentibus
356 1977 366 1992 ,
395 1963 496 2002 quae
526 1949 730 1989 Boccatius
748 1951 787 1989 in
802 1951 892 1991 VII.
925 1949 1027 1991 libro
1053 1950 1268 2005 Philocopi
1295 1948 1349 1990 sui
1383 1963 1606 1997 memorat,

163 2006 308 2058 quique
323 2017 373 2044 ex
386 2004 444 2044 his
473 2007 631 2046 marinis
664 2008 811 2048 exuviis
841 2009 879 2047 in
910 2018 1047 2049 monte
1078 2008 1147 2048 illo
1178 2009 1343 2062 repertis
1363 2038 1374 2053 ,
1398 2010 1441 2049 &
1467 2009 1507 2048 in
1521 2022 1605 2051 tor-

162 2062 336 2102 rentibus
352 2060 454 2104 illis,
478 2062 775 2118 Cataclysmum
806 2076 919 2105 acute
949 2064 1126 2120 agnoscit
1156 2065 1252 2113 (b),
1283 2079 1524 2122 quamquam
1552 2067 1607 2109 fa-

162 2118 263 2161 bulis
277 2117 411 2161 multis
425 2133 535 2162 more
549 2121 760 2163 Poetarum
775 2137 859 2164 rem
874 2137 1034 2163 omnem
1058 2120 1288 2178 permisceat
1302 2150 1312 2161 .

909 2181 938 2220 B
968 2194 994 2223 2
1511 2184 1605 2224 CA-

200 2295 254 2325 (a)
275 2293 372 2322 Verum
396 2306 428 2324 ex
449 2296 545 2325 litteris
567 2307 633 2333 quas
657 2307 738 2334 nuper
753 2298 791 2326 ad
808 2308 848 2327 me
868 2297 992 2326 dederunt
1018 2298 1072 2326 Vir
1108 2298 1263 2335 clarissimus
1288 2296 1425 2326 Nicotaus
1449 2298 1604 2328 Gualterius

302 2329 348 2369 Mt
366 2329 406 2358 D.
423 2331 530 2359 Etruria
549 2332 672 2360 Medicus
685 2355 693 2366 ,
713 2332 739 2362 ἃ
760 2334 876 2362 Ioannes
904 2334 1061 2362 Vincentius
1081 2334 1233 2370 Cappozzius
1257 2333 1409 2361 Canonicus
1429 2333 1602 2362 Florentiam

306 2363 360 2403 Vqr
375 2365 544 2405 nobjltffimus
565 2391 573 2400 ,
603 2366 629 2396 ἃ
660 2372 691 2394 de
713 2369 819 2405 historia
839 2369 945 2397 Natura
977 2370 1072 2404 optime
1091 2370 1197 2397 meritus
1226 2392 1234 2403 ,
1263 2369 1376 2404 cognovi
1405 2378 1500 2397 terram
1522 2369 1601 2397 illam

302 2398 430 2439 ΜιςΙιι-[ιι
447 2412 499 2430 ηοπ
522 2402 638 2440 allatam
650 2403 728 2441 fuiffe
747 2415 779 2432 cx
799 2405 921 2432 Certala'o
946 2404 1053 2440 illustris
1072 2404 1196 2432 Boccacii
1214 2404 1308 2440 patria
1330 2427 1337 2436 ,
1361 2403 1412 2439 fid
1431 2414 1463 2431 ex
1484 2404 1539 2432 alio
1561 2405 1602 2432 lo-

305 2444 334 2474 co
351 2445 379 2462 m
398 2435 474 2473 Agro
491 2436 593 2472 Pisano
613 2440 636 2465 S·
658 2439 794 2468 Giovauni
813 2440 885 2468 della
907 2443 981 2469 Vena
1001 2440 1068 2467 dir'io
1091 2463 1098 2473 ,
1125 2440 1198 2478 cujus
1220 2448 1289 2467 terra
1314 2438 1377 2467 Vin‘
1397 2438 1531 2475 dochffimi
1541 2440 1604 2476 spc-

304 2479 388 2509 amer}
406 2474 442 2497 ad
457 2482 496 2499 me
513 2473 605 2500 iterum
622 2473 746 2509 miserunt
759 2497 765 2503 .

205 2501 263 2535 (b)
283 2502 348 2532 Boc.
369 2515 397 2533 m
418 2505 560 2543 Philocop.
587 2507 606 2536 l.
632 2520 657 2541 7.
682 2510 764 2539 Nelln
786 2509 925 2540 fruttifera
947 2510 1027 2539 Italia
1049 2508 1118 2539 ssede
1141 2520 1196 2539 una
1219 2508 1333 2545 picciola
1356 2518 1431 2543 parte
1451 2508 1476 2536 di
1494 2508 1606 2570 lquella,

1507 2553 1521 2570 a
1533 2554 1602 2578 qua-
