1814 2902
173 207 199 243 6
624 198 1141 243 PRAEFATIO

172 298 436 343 congenerum
466 285 524 327 his
547 284 616 328 fit.
647 285 818 340 Propter
846 299 1059 341 operarum
1083 284 1280 328 defeetum
1301 282 1392 327 hoc
1410 286 1513 330 libro
1527 301 1609 332 non

174 349 216 390 in
230 346 382 401 singulis
413 340 553 399 figuras
584 341 806 385 addidimus
823 370 834 386 ‚
868 343 1086 397 quinetiam
1103 370 1114 387 ‚
1142 353 1188 384 ut
1212 357 1349 384 verum
1374 342 1540 399 ingenue
1556 346 1610 388 fa·

174 418 284 450 tear,
315 405 359 443 &
377 412 421 443 ut
444 416 494 443 ex
520 400 782 457 descriptione
811 399 947 440 melius
979 397 1210 457 apparebit,
1241 400 1437 441 interdurn
1464 397 1611 456 figurae

174 476 255 503 non
270 459 432 502 omnino
447 456 634 514 exquisite
651 484 662 500 ‚
692 456 736 496 &
765 456 946 496 omnibus
962 458 1131 498 numeris
1149 454 1367 498 absolutam
1383 471 1466 498 rem
1483 461 1613 512 expri-

176 530 291 561 munt
308 546 318 561 ,
349 530 472 573 quum
504 514 661 557 tabulae
690 509 754 554 vel
785 513 986 554 Bononiae
1017 541 1029 559 ‚
1058 514 1121 555 vel
1151 514 1322 555 Venetiis
1338 513 1500 554 excusae
1514 513 1613 560 sint.

175 587 344 632 quarum
360 586 519 628 operae,
535 583 582 612 ut
598 582 643 612 ut
659 571 752 611 artis
770 563 857 610 suae
873 582 954 609 non
971 569 1129 623 ignarae
1147 598 1158 615 ,
1189 569 1239 611 ab
1256 572 1462 611 inventore
1479 581 1613 612 tamen

177 633 297 687 longe
313 629 463 672 diffitae
480 657 491 676 ,
506 640 590 670 rem
619 640 699 668 non
716 626 871 680 OPtime
895 625 1043 680 semper
1060 624 1329 681 expresserunt
1345 637 1356 671 ;
1385 625 1614 681 praesertim

178 704 300 744 quum
340 698 507 744 propter·
542 681 777 740 exemplaris
813 683 1070 738 exiguitatem
1114 681 1314 724 interdum
1351 681 1617 737 microscopio

177 745 369 788 utendum
386 754 494 785 erat.
526 743 662 795 Qare
691 750 877 787 accurata
906 737 1167 795 descriptione
1199 754 1273 794 pro
1304 740 1452 780 viribus
1477 753 1620 793 opera-

179 818 269 845 rum
286 803 386 843 vitio
404 800 647 842 medebimur
665 822 674 834 ι
696 794 865 838 Fortasse
894 791 1066 836 secundis
1082 799 1183 838 curis
1201 824 1211 839 ‚
1242 794 1268 836 fi
1286 797 1413 836 otium
1443 798 1486 836 ὅ(
1515 797 1616 835 vires

178 858 392 913 suppetant
407 884 418 902 ‚
440 856 638 898 historiam
669 852 888 908 pleniorem
916 866 1048 892 rerum
1077 854 1258 894 omnium
1276 854 1516 895 marinarum
1532 878 1543 896 ‚
1573 852 1621 891 δε

179 914 423 958 terrestrium
439 913 651 956 littoris&
686 911 772 966 agri
802 906 922 950 nostri
938 907 1096 949 daturi.
