1814 2902
1496 228 1574 262 127

133 303 212 359 Fig.
231 302 281 343 H.
300 301 361 344 Est
383 301 614 367 conspectus
641 297 733 341 fitus
748 297 1014 342 Officulorum
1029 300 1137 342 circa
1152 300 1331 343 canalem
1354 303 1566 345 ventriculi

130 361 1114 525 ³ngiiiiifflgfffffflzsffizzzm‘zffl
1128 415 1563 515 {affirma-Nn?

240 475 438 577 neautufflff'
454 487 621 585 afelrircllig
645 487 726 570 guo
753 526 839 569 sunt
865 503 972 571 vitro
1000 487 1116 570 aixeka
1133 558 1140 565 .
1172 488 1318 571 Oinnioa
1328 558 1338 573 ‚
1362 489 1480 586 rigae
1495 489 1564 573 aactll

240 588 509 644 Amygdalam
526 617 536 631 ‚
566 589 610 629 ὃ(
625 587 674 627 ad
690 589 845 628 Nucem
861 587 1052 627 marinam
1070 585 1269 642 sped‘cant‚
1286 586 1558 630 describuntur

238 661 326 701 cap.
342 661 381 687 x.
399 648 440 686 in
455 644 688 701 Appendice
704 675 712 683 .

127 702 205 760 Fig.
223 704 266 744 L.
286 703 347 769 est.
363 703 518 745 Tellina
531 701 689 769 fasciata
699 700 866 742 bicauda
881 713 1031 756 cap-XI·
1047 702 1086 741 in
1102 702 1338 758 Appendice
1352 701 1561 770 descripta,

236 758 1559 872 3532?Zssssissssii‘ssafiffigaffsstiiffg‘12¹3ssfeffJZe'fffisssissrfflEceffi

227 875 419 928 praebent
433 876 630 930 originem
648 902 656 910 ·
683 873 750 914 Ad
766 888 789 914 a
802 872 957 916 fortaffe
971 873 1025 915 est
1040 889 1083 915 os
1100 903 1111 919 ‚
1141 877 1185 917 ὃς
1199 874 1250 915 ad
1266 875 1298 916 b.
1315 877 1425 916 Anus
1442 907 1450 914 .

544 987 905 1030 TABVLA
978 990 1125 1031 XII.

114 1101 197 1159 Fig.
213 1103 263 1143 A.
289 1103 348 1147 Est
365 1105 538 1161 Spongia
560 1102 715 1146 ramosa
742 1104 902 1145 ramulis
917 1105 1051 1146 nitidis
1067 1105 1216 1146 conicis
1233 1133 1243 1143 .
1275 1106 1342 1147 Ad
1359 1107 1400 1147 B.
1417 1103 1471 1146 est
1483 1106 1556 1146 Al-

220 1165 410 1216 cyonium
431 1163 575 1203 durum
591 1189 602 1205 ‚
635 1163 703 1203 ubi
732 1161 894 1206 haeret;
923 1161 986 1202 sed
1007 1162 1142 1223 haeret
1157 1164 1278 1204 etiam
1300 1163 1549 1218 Petrobryis,

219 1219 263 1259 ὃ(
279 1220 457 1262 Conchis
475 1235 486 1265 ;
515 1218 613 1259 haec
629 1217 863 1260 describitur
891 1230 979 1269 cap.
997 1228 1095 1257 xxx-
1113 1230 1156 1257 m
1171 1218 1409 1275 Appendice
1426 1246 1435 1255 .

503 1329 877 1373 TABVLA
949 1330 1150 1371 XIII.

109 1444 189 1501 Fig.
206 1446 246 1486 B·
274 1445 328 1488 est
351 1447 523 1504 Spongia
538 1446 690 1489 ramosa
715 1448 833 1488 ramis
861 1447 1042 1502 implexis
1059 1448 1206 1488 conicis
1221 1477 1232 1492 ‚
1263 1450 1307 1490 &
1330 1462 1523 1493 excavata
1540 1481 1549 1490 .

220 1504 285 1545 Ad
301 1521 334 1545 a.
350 1520 383 1545 a.
402 1521 435 1545 a.
455 1503 797 1559 repraesentantur
819 1504 1001 1546 foveolae
1018 1532 1030 1549 ‚
1048 1506 1090 1544 in
1104 1506 1246 1559 quibus
1261 1507 1398 1549 haeret
1414 1509 1549 1563 liquor

238 1561 409 1618 impense
423 1563 539 1604 ruber
556 1592 563 1600 .
594 1563 704 1604 Haec
721 1575 809 1616 cap·
826 1574 945 1603 xxm.
961 1560 1196 1604 describitur
1227 1565 1268 1604 in
1283 1566 1521 1621 Appendice
1541 1595 1549 1604 .

534 1674 895 1718 TABVLA
953 1678 1119 1719 XIV.

107 1789 338 1887 Figfizsest
360 1792 531 1846 Spongia
557 1791 704 1834 velaria
744 1791 897 1834 ramosa
927 1793 1045 1833 ramis
1074 1792 1260 1848 implexis
1302 1808 1391 1850 cap.
1410 1810 1543 1839 xxxn.

247 1862 265 1886 e
285 1860 415 1902 cripta
435 1876 443 1884 .

101 1905 180 1961 Fig.
217 1905 269 1944 D.
294 1903 347 1945 est
377 1905 550 1962 Spongia
585 1908 751 1948 Hircina
781 1906 949 1948 saturate
986 1904 1071 1947 rufa
1098 1909 1252 1951 ramosa
1292 1910 1337 1950 δε
1367 1911 1558 1967 implexa,

227 1975 315 2017 cap·
332 1975 494 2004 xxxnr.
511 1961 706 2020 descripta
723 1991 732 2001 .

562 2078 923 2121 TABVLA
981 2078 1095 2119 XV.

101 2192 182 2248 Fig.
209 2194 248 2233 E.
273 2192 327 2234 est
342 2195 517 2251 Spongia
540 2195 704 2237 Hircina
719 2195 881 2250 globosa
896 2211 985 2253 cap·
1005 2208 1187 2238 xxx1111.
1204 2196 1399 2255 descripta
1415 2227 1425 2238 .

98 2250 179 2306 Fig.
198 2266 224 2291 e.
242 2250 330 2292 sunt
354 2252 553 2293 filamenta
576 2252 757 2310 stupposa
786 2268 836 2295 ex
858 2254 932 2296 hac
961 2256 1136 2310 Spongia
1159 2255 1339 2299 detracta
1354 2288 1366 2304 ,
1396 2268 1442 2299 ut
1469 2273 1536 2302 eo-

219 2323 307 2348 rum
336 2307 528 2350 struetura
544 2324 727 2352 cernatur
744 2339 752 2348 ·

98 2363 181 2420 Fig.
199 2364 235 2403 F.
250 2364 304 2404 est
320 2364 483 2422 spongia
500 2367 652 2408 ramosa
669 2370 799 2409 minor
814 2396 824 2411 ‚
842 2368 1003 2410 ramulis
1018 2369 1266 2424 complicatis
1282 2399 1293 2415 ‚
1323 2371 1536 2428 vulgatissi-

208 2436 280 2519 gn}
291 2452 302 2468 ,
320 2480 326 2486 .
345 2423 389 2463 ὅ(
427 2423 591 2479 globosa
633 2425 865 2483 plerumque
908 2439 996 2481 cap·
1013 2439 1140 2469 xxxv=
1174 2429 1215 2469 in
1240 2431 1534 2485 Appendicoea

237 2492 256 2519 e
273 2490 403 2535 cripta
420 2508 429 2517 .

1404 2543 1535 2586 TABV-
