1814 2902
571 161 614 201 M
643 162 663 202 1
692 162 733 201 N
763 162 802 203 v
832 162 854 202 s
913 161 955 201 N
982 162 1022 204 0
1052 159 1087 202 T
1116 162 1136 202 1
1167 164 1190 202 s
1545 175 1598 214 45

189 258 1579 294 QQQQQQQQQQQQQQQ

545 340 997 402 CAPVT
1074 341 1212 401 III.

192 441 453 483 Tx-:ranM
490 454 572 482 sizv
612 453 855 481 MENTVLA
893 453 1102 480 MARINA
1146 454 1312 481 pruma
1350 455 1598 484 cAnrnvM

392 511 647 539 armatus
685 510 934 543 turon-rs
973 501 1361 552 ARIMINrnsrs.

162 596 193 636 Ι.
316 597 352 637 X
378 594 620 637 Rondeletio
649 594 909 636 differentiam
940 593 1173 636 addiscimus
1203 596 1306 635 inter
1330 592 1485 650 Tethya
1514 620 1526 638 ‚
1555 594 1600 634 &

330 653 570 695 Holothuria
599 654 649 693 ab
678 651 888 694 Aristotele
902 652 945 691 &
960 650 1233 707 Theophrasto
1248 651 1442 707 descripta
1458 682 1469 697 ‚
1498 664 1599 706 quae

161 714 272 753 Gaza
301 712 343 750 in
373 711 418 749 iis
442 710 719 750 convertendis
751 706 1090 748 indiscriminatim
1118 708 1343 752 vertibula,
1374 707 1495 749 callos
1512 736 1523 751 ‚
1554 709 1598 748 &

160 770 300 809 tubera
332 767 528 808 vocitavit
552 797 560 805 .
601 766 675 806 Sed
703 765 805 806 male
836 764 933 805 haec
969 766 1130 806 nomina
1159 764 1387 820 permiscuit
1426 765 1597 806 eodem.›

157 824 389 866 observante
414 822 659 863 Rondeletio
685 826 761 871 (a).
792 820 1075 862 Holothurium
1104 826 1208 863 enim
1238 820 1291 863 est
1319 836 1463 878 corpus
1479 821 1602 863 callo-

157 880 241 923 sum
271 880 430 936 quidem
457 881 500 920 &
532 881 758 920 coriaceum
786 893 808 918 a
837 877 934 919 saxis
959 878 1154 924 liberum;
1182 878 1383 933 Tethyum
1400 893 1496 919 vero
1511 877 1598 935 ipsis

159 938 320 979 haerens
352 968 360 976 .
402 937 540 992 Qare
579 950 701 991 quum
736 948 881 989 corpus
918 934 1072 976 Tabula
1101 937 1139 977 V
1167 964 1178 979 ‚
1212 937 1256 975 &
1293 932 1419 990 figura
1447 937 1495 977 V.
1527 948 1600 977 ex-

159 990 326 1051 pressum
346 1023 357 1038 ,
391 992 499 1048 quod
530 993 631 1033 inter
661 994 776 1034 maris
792 1001 1052 1047 purgamenta
1068 1008 1090 1033 a
1105 994 1218 1033 nobis
1233 1002 1433 1047 repertum
1449 991 1502 1033 est
1515 1024 1526 1039 ,
1553 994 1595 1034 in

156 1053 410 1093 extremitate
425 1048 541 1090 fibras
559 1047 743 1104 quasdam
775 1048 979 1092 ostendat,
1008 1050 1148 1102 quibus
1178 1050 1398 1104 apparebat
1428 1050 1477 1091 ad
1506 1048 1596 1091 saxa.

158 1107 361 1149 adhaefiffe
378 1135 389 1151 ‚
420 1106 470 1148 ad
482 1106 642 1161 Tethya
675 1106 876 1148 retulimus
903 1134 911 1141 -
937 1106 1151 1146 Coriaceae
1181 1105 1446 1152 naturae,est.
1475 1108 1594 1147 Circa

156 1164 284 1220 ipsum
316 1164 371 1204 nil
403 1161 559 1217 insuper
589 1163 767 1204 addimus
785 1190 797 1206 ,
820 1176 944 1217 quum
973 1161 1110 1202 titulus
1124 1163 1167 1202 ὃς
1183 1161 1310 1218 figura
1324 1163 1418 1217 quid
1437 1165 1480 1203 &
1496 1179 1595 1219 quo-

159 1221 286 1264 modo
301 1219 345 1274 lit
360 1219 446 1260 satis
462 1218 649 1276 superque
664 1229 867 1276 exponant
883 1250 891 1258 .

193 1277 267 1319 '11.
298 1278 363 1317 Ad
397 1275 552 1332 tethyas
582 1278 625 1316 &
654 1276 886 1317 holothuria
915 1275 1115 1319 referenda
1143 1277 1197 1318 est
1225 1292 1354 1334 penna
1382 1280 1563 1321 marina..-
1582 1309 1593 1324 ‚

157 1333 220 1376 seu
249 1333 424 1375 mentula
453 1333 585 1377 alata,
619 1348 718 1388 quae
749 1335 850 1373 inter
876 1335 991 1373 maris
1017 1345 1275 1390 purgamenta
1291 1333 1378 1389 post
1393 1336 1589 1389 procellas

156 1393 217 1432 uti
243 1392 287 1431 ὅ(
317 1403 458 1443 corpus
481 1388 669 1486 superiori
684 1390 854 1431 articulo
871 1389 1111 1446 descriptum
1124 1391 1209 1431 heic
1226 1391 1426 1432 interdum
1441 1397 1590 1447 reperi-

157 1448 250 1494 tur',
282 1448 330 1488 de
347 1460 424 1500 qua
440 1460 516 1486 con
533 1445 664 1487 ulatur
680 1446 939 1487 Rondeletius
954 1447 1008 1496 (b)
1026 1475 1033 1482 -

149 1520 155 1522 ’
216 1505 288 1545 ΙΙΙ.
321 1503 524 1556 Qoniam
539 1502 755 1558 posteriora
773 1502 868 1543 haec
885 1516 1057 1557 corpora
1073 1531 1084 1547 ‚
1110 1519 1210 1559 quae
1226 1506 1266 1545 in
1283 1504 1357 1545 hac
1374 1507 1491 1546 tertia
1505 1521 1591 1562 par-

158 1574 200 1604 te
216 1559 481 1614 descripsimus
496 1588 506 1604 ,
536 1561 580 1600 ὃ(
607 1574 648 1600 re
664 1590 675 1605 ,
701 1561 744 1600 &
760 1561 981 1601 nominibus
997 1562 1141 1616 parteis
1157 1563 1205 1602 ad
1223 1563 1516 1616 generationem
1533 1565 1591 1605 di-

158 1630 265 1660 catas
279 1618 579 1671 quodammodo
595 1615 767 1656 referunt
782 1646 791 1659 ‚
821 1631 965 1671 corpus
981 1617 1183 1671 quoddam
1212 1620 1252 1658 in
1283 1621 1516 1660 memoriam
1531 1637 1592 1663 re-

159 1686 285 1717 vocat
308 1689 331 1714 a
361 1688 422 1714 me
454 1675 556 1714 inter
586 1673 700 1713 maris
733 1683 993 1727 purgamenta
1020 1673 1120 1714 olim
1151 1688 1348 1730 repertum
1366 1703 1377 1719 ,
1409 1677 1516 1731 quod
1547 1680 1592 1719 &

160 1744 250 1772 tota
265 1730 431 1776 facie,&
449 1729 614 1770 humore
631 1727 794 1775 viscoso,
810 1743 928 1784 quem
943 1731 1046 1770 intus
1062 1732 1311 1776 continebat,
1328 1732 1589 1776 allantoidem

158 1790 370 1830 brutorum
401 1801 493 1826 cum
528 1785 663 1826 urachi
691 1787 803 1840 apice
826 1785 1100 1839 perfeetiffime
1123 1784 1459 1844 repraesentabat.
1491 1792 1589 1832 Cito

158 1845 364 1886 emarcuit,
382 1843 424 1882 &
440 1849 651 1896 operarum
677 1841 831 1883 defectu
848 1843 960 1897 pingi
976 1853 1070 1883 tunc
1088 1856 1168 1884 non
1185 1847 1319 1898 potuit
1336 1877 1343 1885 .
1374 1847 1524 1888 Verum
1538 1863 1588 1889 ne

159 1901 329 1942 multum
349 1900 543 1940 excrescat
558 1899 690 1940 oratio
706 1898 834 1939 nostra
849 1927 861 1943 ,
888 1898 980 1940 huic
997 1902 1226 1940 tractationi
1249 1901 1299 1941 de
1325 1904 1438 1943 rebus
1459 1906 1585 1947 minus

158 1959 263 1998 notis
277 1954 396 1997 finem
421 1957 542 1996 modo
574 1957 815 2009 imponimus
832 1984 843 1999 ‚
874 1956 918 1994 ὅ(
943 1955 993 1995 ad
1018 1955 1162 1999 aestum
1187 1953 1383 2001 marinum
1408 1962 1583 2004 animum

157 2014 423 2055 convertimus
439 2042 451 2058 ,
480 2026 525 2054 ut
540 2010 658 2054 fidem
674 2010 843 2054 nostram
858 2011 1063 2054 liberemus
1078 2043 1088 2055 ,

1483 2349 1580 2406 'co-

185 2448 224 2479 (a)
244 2448 299 2488 Lib.
313 2450 344 2476 de
356 2448 448 2485 Inftfl.
463 2450 488 2478 ἃ
499 2451 629 2490 Zoophyt-
642 2462 699 2490 cap.
712 2462 810 2482 xvux.

183 2483 226 2515 (b)
244 2483 344 2512 Ibidem
355 2495 413 2521 cap.
425 2494 473 2513 xxi
483 2494 542 2514 ιιι.
