1814 2902
441 238 1291 284 AESTVSMARITIMI
1551 244 1602 285 67

143 348 244 390 quos
261 335 419 376 Graeco
444 336 611 376 nomine
644 335 787 374 Protos
811 331 1041 388 appellant,
1074 329 1335 373 observarunt
1361 327 1477 372 instar
1491 330 1614 372 alicu-

138 395 198 446 jus
215 392 400 433 Fluminis
432 406 568 433 revera
599 389 719 432 fluere
749 420 761 436 ‚
790 391 835 429 &
867 386 1127 429 indesinenter
1162 386 1318 428 cursum
1347 386 1456 428 suum
1486 386 1610 430 serva-

138 464 181 490 re
209 465 219 495 3
249 461 369 504 atque
399 449 480 489 hoc
510 451 634 503 paeto
665 475 676 491 ‚
707 457 753 486 ut
766 448 906 501 Aquae
931 445 1051 485 Maris
1081 442 1192 484 cursu
1223 443 1292 484 suo
1321 446 1433 485 recto
1449 446 1608 488 Littora

142 507 396 550 Dalmatiae,
430 506 474 545 &
501 504 668 546 Histriae
698 505 808 559 prius
832 503 1015 544 raderent
1032 532 1043 548 ‚
1073 500 1217 543 deinde
1243 511 1292 541 .ut
1322 500 1397 540 fert
1426 501 1609 544 locorum

138 574 279 604 natura
308 561 416 604 flexo
439 561 554 604 cursu
571 563 733 603 Littora
749 561 900 602 Veneta
930 559 1124 600 allueren't
1141 587 1152 602 ,
1177 569 1223 599 ut
1254 558 1427 599 tamdem
1459 559 1507 599 ad
1524 560 1608 600 Lit-

138 631 229 662 tora
262 619 392 662 nostra
406 620 450 661 &
468 619 639 677 Apuliae
671 621 948 675 pervenirent·
978 617 1102 671 Qod
1118 613 1144 656 fi
1160 617 1266 657 redte
1296 614 1582 658 confideremus
1598 650 1609 664 ‚

139 690 310 733 apparet
325 677 495 718 Cursum
525 676 629 717 istius
651 677 807 717 Fluenti
836 673 909 716 effe
938 688 1037 731 pene
1053 673 1300 715 Circularem
1330 704 1341 719 ‚
1384 688 1527 730 nempe
1558 677 1608 717 ab

135 735 252 776 Ostiis
285 736 403 776 maris
434 735 544 788 Jonii
566 734 617 774 ad
652 734 791 774 littora
807 733 913 788 Epiri
938 763 949 779 ,
979 731 1206 773 Dalmatiae
1235 761 1246 777 ,
1290 729 1457 772 Histriae
1487 764 1500 779 ‚
1533 734 1613 775 Ve-

136 795 361 834 uenarum,
380 791 552 835 Nostra,
585 789 781 846 Apuliae,
811 791 854 830 ὃ(
880 789 930 830 ad
960 790 1129 844 reliquos
1160 789 1296 829 Italiae
1327 786 1421 830 fines
1452 817 1460 826 .
1493 790 1611 831 Hunc

137 860 294 890 motum
321 849 556 889 circularem
587 849 702 888 maris
734 846 854 888 nostri
870 845 937 888 usu
954 849 998 888 &
1019 845 1262 901 experientia
1292 847 1611 900 comprobarunt

137 907 332 947 Auctores
351 905 440 952 illi,
467 906 575 960 quod
604 904 752 946 scilicet
769 907 900 946 Naves
916 935 929 951 ,
961 918 1062 959 quae
1084 917 1133 944 ex
1161 902 1344 958 Corcyra
1368 902 1496 945 Insula
1527 906 1604 945 Ve-

137 965 260 1004 netias
294 973 437 1018 petunt
452 993 464 1009 ,
482 963 633 1018 semper
649 976 776 1019 prope
793 963 954 1002 Littora
968 962 1135 1016 Epiri&
1150 960 1377 1001 Dalmatiae
1406 962 1608 1017 navigent.

136 1030 182 1061 ut
214 1021 333 1060 citius
365 1022 443 1061 iter
474 1018 582 1061 suum
612 1017 854 1061 conficiant·
886 1021 1041 1060 Contra
1063 1033 1160 1058 vero
1175 1018 1337 1062 Naves‚
1369 1032 1469 1072 quae
1484 1020 1610 1060 Vene-

134 1078 198 1117 tiis
215 1078 436 1132 Corcyram
463 1089 606 1133 petunt
623 1105 633 1121 ,
667 1078 716 1118 ad
731 1078 891 1118 Littora
906 1075 1052 1117 Nostra
1081 1074 1230 1130 semper
1259 1075 1303 1115 &
1331 1075 1504 1131 Apuliae
1529 1077 1610 1117 lta-

134 1134 286 1189 liaeque
318 1135 492 1189 reliquae
525 1135 744 1175 accedant.
778 1133 903 1187 Qod
919 1132 1258 1175 observationibus
1275 1159 1286 1175 ,
1317 1130 1384 1172 usu
1400 1159 1411 1175 ‚
1434 1134 1478 1173 &
1494 1147 1612 1188 expe-

133 1192 274 1231 rientia
304 1191 544 1232 afferuerunt
577 1193 818 1244 jampridem
836 1193 947 1231 Proti
977 1191 1033 1230 illi
1059 1218 1069 1233 ,
1112 1190 1151 1229 id
1181 1189 1326 1228 iterum
1354 1187 1610 1232 confirmavit

134 1251 281 1292 exacto
313 1246 466 1289 saeculo
495 1251 604 1289 circa
644 1246 763 1288 finem
804 1248 1076 1287 Hieminianus
1118 1247 1389 1286 Montanarius
1427 1248 1608 1302 egregius

134 1304 440 1346 Mathematicus
458 1307 570 1346 novis
597 1305 758 1358 adJedfis
783 1303 1166 1349 Observationibus,
1203 1303 1248 1342 δί
1277 1303 1448 1344 Calculo
1478 1314 1608 1347 motus

135 1360 254 1414 istius*
274 1361 416 1403 Cursus
447 1366 522 1411 (a)
555 1390 562 1397 ·
598 1360 834 1403 Observavit
872 1363 974 1402 enim
991 1360 1137 1401 Insulas
1162 1358 1350 1415 quasdam
1377 1364 1602 1407 natanteis,

134 1432 183 1460 ex
200 1419 394 1459 radicibus
421 1434 564 1475 nempe
581 1420 795 1460 Arundinis
821 1416 1001 1460 Palustris
1018 1417 1209 1459 conflatas
1227 1446 1238 1462 ‚
1268 1432 1364 1471 quas
1391 1421 1527 1473 patrio
1543 1434 1610 1462 no·

135 1477 241 1516 mine
257 1477 381 1517 Coria
410 1476 513 1516 illeic
545 1475 754 1531 appellant
770 1505 780 1519 ‚
811 1490 861 1517 ex
891 1476 1048 1516 Littore
1066 1475 1321 1528 Forojuliano
1345 1474 1607 1519 &Tarvifino

134 1531 281 1574 avulsas
315 1536 424 1574 redta
454 1534 637 1573 Venetias
670 1531 799 1573 versus
833 1533 1011 1573 incedere
1029 1563 1039 1578 ,
1065 1533 1109 1572 &
1139 1530 1164 1572 fi
1197 1533 1377 1573 Venetias
1394 1536 1608 1587 praeterie-

132 1591 214 1630 rint
232 1617 242 1632 ‚
287 1589 350 1631 vel
377 1603 427 1631 ex
457 1591 612 1630 Littore
641 1592 742 1630 citra
772 1591 957 1631 venetias
990 1589 1209 1632 avellantur
1233 1617 1244 1633 ‚
1291 1591 1341 1631 ad
1381 1589 1477 1630 ostia
1508 1592 1607 1633 Padi

135 1647 403 1689 contendere,
435 1657 552 1700 atque
583 1660 632 1687 ex
661 1657 772 1686 motu
803 1647 942 1688 harum
974 1646 1182 1688 insularum
1200 1678 1209 1692 ‚
1238 1648 1307 1701 qui
1339 1662 1361 1687 a
1391 1646 1500 1689 fluxu
1522 1664 1606 1700 uma-

138 1704 228 1743 rino
259 1717 338 1743 non
373 1704 660 1743 interturbatur
691 1734 701 1748 ‚
742 1714 1036 1758 argumentatus
1070 1704 1125 1745 est
1165 1704 1439 1745 Hadriaticum
1482 1703 1605 1747 sinum

134 1759 247 1800 cursu
284 1758 350 1800 suo
386 1759 514 1814 spatio
544 1772 694 1801 xx1111.
726 1761 913 1801 horarum
945 1763 1021 1801 tria
1052 1761 1115 1802 vel
1157 1771 1330 1815 quatuor
1359 1761 1484 1804 millia
1520 1763 1607 1819 pas-

135 1814 244 1856 suum
273 1813 495 1857 conficere.
527 1818 644 1872 Apud
675 1832 746 1857 nos
778 1832 935 1872 quoque
950 1817 1092 1859 Cursus
1124 1817 1190 1859 iste
1221 1816 1480 1864 observatur,
1511 1836 1604 1862 nam

136 1874 319 1928 Corpora
350 1888 488 1914 eorum
507 1900 516 1915 ‚
542 1875 611 1927 qui
642 1874 691 1913 ad
721 1873 819 1914 ostia
844 1875 940 1915 Padi
972 1873 1153 1916 submersi
1184 1875 1248 1916 vel
1279 1874 1395 1916 occisi
1425 1880 1603 1931 periere,

132 1930 365 1984 plerumque
392 1931 431 1970 in
460 1929 612 1971 Littore
630 1932 844 1972 Ravennae
861 1933 1109 1986 reperiuntur
1125 1961 1134 1976 ‚
1166 1934 1263 1973 item
1286 1946 1460 1989 corpora
1476 1965 1485 1980 ,
1501 1950 1603 1990 quae

135 1987 240 2027 ultra
255 1988 483 2028 Ariminum
517 1989 556 2026 in
589 1989 700 2027 Mare
727 1989 956 2042 perierunt,
986 1989 1218 2044 plerumque
1248 1991 1349 2030 citra
1376 1993 1603 2034 Ariminum

135 2045 415 2087 inveniuntur,
448 2043 557 2085 fluxu
588 2059 731 2099 nempe
763 2043 831 2085 isto
855 2045 1104 2087 dextrorsum
1122 2046 1270 2102 semper
1299 2048 1489 2089 adved‘ca.
1518 2052 1603 2092 Ela-

138 2100 209 2156 pso
241 2115 344 2142 anno
375 2116 452 2155 ego
484 2115 641 2156 quoque
671 2116 793 2156 quum
821 2104 1004 2143 Venetias
1036 2106 1194 2158 navigio
1252 2114 1398 2144 eterem
1429 2108 1477 2145 ad
1496 2106 1605 2149 Ostia

137 2158 234 2198 Padi
265 2158 346 2199 vidi
378 2157 558 2200 inflatum
575 2160 755 2200 Cadaver
789 2158 965 2200 submersi
996 2162 1175 2201 Hominis
1214 2120 1387 2201 llgcundis
1418 2160 1602 2206 fluetibus

139 2215 374 2256 Ravennam
406 2216 674 2261 contendere,
706 2231 828 2271 quum
856 2231 925 2258 nos
955 2219 1115 2259 interim
1147 2217 1315 2260 obverso
1330 2219 1460 2260 Vento
1490 2223 1602 2264 nobis

138 2282 271 2312 tamen
301 2275 481 2328 propitio
517 2275 589 2314 iter
620 2273 790 2315 nostrum
824 2273 1109 2316 conficeremus
1128 2305 1137 2319 ‚
1168 2286 1287 2331 atque
1303 2290 1352 2316 ex
1367 2288 1481 2318 motu
1498 2278 1603 2320 illius

140 2329 350 2370 Cadaveris
369 2361 378 2375 ‚
411 2340 602 2384 quantum
622 2331 715 2371 mihi
751 2334 974 2385 conjcdtaie
994 2334 1103 2373 licuit
1121 2363 1130 2377 ‚
1163 2332 1284 2373 visum
1309 2332 1361 2372 est
1378 2348 1484 2375 mare
1500 2336 1606 2378 velo-

139 2388 220 2427 cius
255 2387 336 2432 ire,
362 2391 483 2441 quam
500 2400 543 2428 ut
557 2386 663 2429 sexta
692 2403 846 2444 quaque
879 2389 975 2430 liuza
994 2393 1154 2433 unicum
1169 2401 1323 2431 tantum
1349 2391 1515 2433 milliare
1532 2408 1601 2448 pe-

917 2449 934 2487 Ι
967 2464 989 2490 2
1394 2462 1572 2502 ragraret
1589 2479 1598 2488 .

169 2548 212 2578 (²)
233 2544 310 2573 Libro
331 2544 464 2580 P⁰sts²³r⁷10
483 2569 489 2579 ‚
513 2547 557 2581 qui
586 2546 733 2584 fnftrt'bl‘zcr
759 2549 776 2575 il
802 2551 880 2578 Mare
904 2550 1040 2578 Adiiaffco
1070 2577 1075 2583 „
1106 2562 1117 2579 e
1144 2550 1188 2577 sua
1214 2558 1326 2576 cortem
1354 2547 1392 2574 14}
1432 2561 1434 2564 >
1496 2560 1499 2563 ·

305 2591 368 2624 121le-
385 2591 440 2614 325.
464 2579 489 2608 G*
502 2582 559 2617 μᾷ.
576 2582 644 2610 Ean.
658 2582 775 2611 Floreat.
792 2593 867 2617 1733.
1106 2582 1107 2585 ’
