1814 2902
205 225 262 271 64
653 216 1210 286 SPEcfflMEN

205 310 318 351 Mare
350 305 524 348 nostrum
553 303 738 347 flantibus
767 306 902 347 ventis
928 305 1200 348 Orientalibus
1216 333 1228 351 ‚
1251 305 1297 347 δε
1330 305 1649 349 meridionalibus

204 367 326 418 magis
355 373 483 404 tumet
499 391 509 407 ‚
535 377 654 418 quam
685 361 867 405 flantibus
883 363 1220 415 occidentalibus,
1251 365 1296 405 ὃς
1325 362 1648 418 aquilonaribus;

203 426 246 463 ὃ(
270 422 382 474 hujus
413 421 470 460 rei
499 421 604 461 ratio
630 419 684 461 est
699 426 719 465 ,’
742 423 834 476 quia
851 422 962 462 Mare
979 422 1168 476 Superum
1185 419 1337 462 Ostium
1366 420 1484 462 habet
1509 421 1649 462 Orien-

200 481 233 519 ti
252 508 261 522 ‚
291 478 335 518 δε
351 476 674 518 Meridionalibus
699 478 945 534 Regionibus
966 477 1201 533 'oppositum
1218 506 1230 523 ,
1258 484 1386 533 quare·
1411 475 1438 518 fi
1455 477 1569 523 Mare,
1583 491 1653 517 no-

201 534 321 576 strum
350 546 511 588 repente
528 534 756 576 intumescat
773 563 783 578 ‚
813 535 874 577 vel
906 533 976 576 flat
1006 535 1068 576 vel
1099 535 1213 576 instat
1234 534 1401 581 Auster,
1430 545 1499 574 aut
1515 532 1655 575 Subsc-

200 592 309 632 lanus
326 619 336 635 ‚
369 592 508 644 quibus
524 591 660 632 Ventis
690 590 824 647 postea
851 591 988 632 Pluvia
1018 591 1250 646 plerumque
1279 590 1474 632 succedit.
1503 591 1550 630 In
1580 604 1653 630 no-

198 647 282 689 stris
322 649 427 688 enim
464 648 690 701 regionibus
708 648 879 689 Austrini
895 650 1014 690 Venti
1043 650 1084 688 &
1102 648 1324 689 Orientales
1355 645 1525 688 nebulosi
1565 645 1652 702 plu-

199 706 256 747 vii
285 706 329 745 &
359 701 570 758 procellosi
584 703 671 745 sunt
687 719 822 745 omnes
840 720 850 750 3
870 705 1126 760 Aquilonares
1143 717 1285 746 contra
1313 705 1357 744 <Sc
1372 701 1650 744 Occidentales

199 760 348 805 sereni,
379 759 475 801 licet
501 759 711 815 procellosi
742 762 939 802 interdum
970 764 1013 802 ὃς
1042 761 1111 816 ipfi
1136 789 1145 797 ·
1175 763 1319 802 Aratus
1350 775 1508 816 quoque
1532 758 1656 800 Poeta

201 820 375 859 Graecus
393 845 403 860 ,
436 819 503 871 qui
520 819 751 859 aCicerone
766 820 806 858 in
821 819 986 859 latinum
1018 819 1094 860 fuit
1122 817 1326 860 conversus
1355 822 1452 866 (a),
1483 818 1588 857 inter
1614 813 1658 855 fi-

201 888 280 929 gna
309 873 430 914 futuri
456 876 567 915 venti
596 876 714 928 ponit
741 873 769 915 fi
800 889 907 915 mare
937 873 1067 915 subito
1099 873 1330 928 penitusque
1360 871 1541 914 tumescit
1569 903 1580 918 ,
1610 882 1658 913 ut

203 929 330 984 reipsa
369 940 522 977 tumere
558 931 677 972 debet
705 933 746 971 in
776 932 945 972 Graecia
981 930 1143 970 instante
1168 929 1381 970 Subsolano
1407 929 1628 983 Austroque
1645 955 1658 971 >

203 988 393 1041 quoniam
423 988 612 1028 Graeciae
629 989 758 1028 Maria
786 987 929 1028 ostium
954 989 999 1028 ὃς
1015 986 1096 1042 ipsa
1111 986 1168 1026 his
1185 987 1311 1027 ventis
1341 986 1490 1026 habent
1520 985 1660 1025 obver-

201 1043 240 1084 sa
272 1071 280 1079 ·
312 1042 446 1084 Flante
476 1044 660 1098 aquilone
686 1046 730 1085 ὃς
757 1044 1068 1085 occidentalibus
1086 1044 1225 1084 Ventis
1254 1071 1265 1086 ,
1293 1040 1320 1083 fi
1352 1043 1391 1083 hi
1421 1040 1494 1083 fint
1526 1042 1659 1094 magni

204 1102 248 1141 &
278 1100 473 1146 violenti,
503 1111 631 1141 tumet
660 1101 821 1154 quidem
849 1101 957 1155 apud
988 1114 1057 1141 nos
1090 1101 1139 1141 ab
1167 1101 1286 1141 initio
1314 1114 1421 1140 mare
1439 1127 1449 1143 ‚
1480 1107 1657 1138 attamen

206 1155 343 1211 postea
372 1157 610 1209 deprimitur
626 1184 636 1200 ,
668 1169 713 1197 ut
731 1159 867 1199 Brevia
897 1158 1024 1198 multa
1052 1159 1093 1196 in
1107 1157 1261 1197 Littore
1287 1167 1382 1197 tunc
1407 1164 1627 1212 appareant
1648 1180 1660 1197 ⁹

204 1211 323 1267 pulsis
341 1211 489 1254 scilicet
504 1214 543 1254 vi
557 1213 703 1254 horum
717 1215 934 1253 Ventorum
951 1214 999 1253 ad
1016 1213 1126 1253 Ostia
1148 1215 1273 1267 Aquis
1290 1243 1298 1251 .

459 1330 1222 1375 PROPOSITIO
1289 1330 1408 1371 XII.

208 1447 433 1511 Qolibet
452 1449 596 1497 Vento
614 1478 629 1504 ‚
672 1448 811 1496 modo
827 1448 863 1497 is
890 1448 944 1497 fit
977 1448 1194 1498 violentus
1219 1478 1233 1504 ,
1268 1452 1313 1495 &
1340 1447 1531 1514 qualibet
1566 1449 1659 1494 Ho-

277 1549 326 1580 ra
346 1531 556 1578 fluctuans
584 1530 675 1576 fieri
708 1529 847 1593 potest
877 1533 995 1578 Mare
1011 1561 1026 1586 ,
1063 1547 1209 1577 tamen
1236 1530 1371 1594 ipsum
1402 1529 1660 1576 Fluetuatio-

227 1653 229 1655 .
277 1612 403 1660 nibus
438 1612 580 1675 magis
615 1610 853 1658 obnoxium
890 1624 1087 1674 ternpore
1107 1610 1263 1658 Fluxus
1293 1608 1466 1657 videtur
1485 1641 1501 1664 ‚
1529 1626 1662 1673 quam

276 1709 473 1759 tempore
503 1690 705 1741 Refluxus
722 1725 734 1738 .
754 1694 901 1754 Qare
923 1693 1062 1752 major
1080 1690 1262 1739 Malacia
1283 1722 1299 1746 ,
1336 1692 1408 1739 seu
1426 1688 1660 1754 Tranquil-

278 1774 380 1822 litas
414 1775 545 1822 Maris
580 1773 745 1838 semper
781 1771 971 1821 succedit
1016 1771 1131 1836 apud
1157 1789 1236 1820 nos
1286 1788 1481 1836 tempore
1517 1770 1662 1819 Reflu-

280 1873 358 1904 xus
378 1887 392 1912 ‚
413 1858 582 1904 Aestate
613 1855 789 1919 quidem
825 1852 997 1901 summo
1023 1869 1148 1900 mane
1172 1881 1187 1908 ,
1226 1853 1381 1900 Hieme
1399 1868 1501 1900 vero
1528 1851 1660 1897 Occi-

283 1937 415 1989 dente
452 1935 550 1984 Sole
567 1971 580 1983 .

646 2059 1235 2103 SCHOLIVM.

327 2179 548 2232 Vamquam
567 2208 576 2221 ,
607 2186 652 2218 ut
681 2177 833 2217 dictum
862 2173 914 2214 est
943 2175 982 2214 in
1012 2170 1308 2229 propositione,
1337 2172 1487 2213 nullum
1502 2169 1548 2212 sit
1563 2181 1660 2213 tem-

218 2181 320 2287 Q
343 2250 414 2291 pus
446 2232 648 2276 definitum
672 2231 1008 2274 Fludmationibus
1026 2258 1036 2273 ,
1068 2231 1111 2269 &
1140 2228 1326 2270 Procellis
1357 2230 1471 2270 maris
1497 2256 1508 2272 ‚
1539 2242 1661 2282 quum

219 2294 292 2335 hae
322 2307 344 2332 a
373 2292 560 2333 violentia
576 2294 798 2332 Ventorum
827 2285 1069 2343 potissimum
1101 2287 1298 2341 pendeant
1319 2314 1330 2330 ‚
1362 2288 1406 2326 ὃς
1440 2286 1546 2325 venti
1576 2285 1663 2325 nul-

1581 2341 1665 2381 lum

260 2436 301 2468 (a)
321 2433 402 2463 Aras.
425 2436 454 2463 in
475 2433 608 2472 Prognost.
628 2431 712 2467 Σῖμοι
733 2434 809 2462 &iq-u
831 2428 932 2464 ἆνίμοη
956 2428 977 2463 ὴ
999 2424 1137 2456 masma
1157 2428 1274 2456 6422·ae-

618 2471 724 2500 revicta
737 2490 744 2498 -
788 2479 854 2516 Quo
894 2475 991 2502 Cicero
1010 2472 1042 2501 fic
1063 2474 1145 2502 vertit
1163 2474 1194 2501 in
1207 2471 1299 2500 Lib-1.
1321 2469 1356 2501 de
1376 2469 1491 2501 divinat-

820 2523 836 2538 t1
888 2519 897 2537 ι

395 2512 484 2549 Atque
501 2513 580 2541 etiam
599 2521 692 2542 ventos
713 2520 818 2544 ptumo
836 2511 886 2546 [Ira
930 2521 946 2536 a
1110 2543 1115 2548 ι

412 2547 539 2587 Inflatum
556 2557 647 2579 mare,
668 2555 724 2574 cum
737 2544 826 2581 ficbiw
840 2544 991 2582 penitusque
1010 2541 1145 2578 rumesta.
