1814 2902
423 193 1273 239 AEsTstAR1T1M1
1515 210 1564 249 55

120 288 247 333 enim,
282 287 377 328 dum
395 284 579 327 crescunt
595 312 608 328 ‚
640 284 784 336 majori
809 282 981 337 quadam
1010 283 1226 324 velocitate
1243 285 1286 324 &
1307 282 1347 324 vi
1363 281 1412 322 ad
1428 281 1567 322 littora.

120 344 319 401 appellere
336 344 548 388 videntur,
577 356 696 397 quam
737 341 832 381 dum
859 339 1076 384 recedunt;
1103 345 1199 380 tunc
1227 342 1351 381 etiam
1363 354 1470 381 mare
1515 337 1569 379 le-

119 416 285 456 tumque
300 400 490 445 fluetuat,
518 409 565 440 ut
595 397 699 440 infra
729 397 930 442 dicemus;
960 396 1007 436 In
1024 394 1179 438 refluxu
1209 412 1306 438 vero
1336 412 1445 438 mare
1487 411 1570 438 em·-

122 472 193 513 per
216 460 341 513 magis
355 457 532 513 quietum
549 458 593 497 &
607 454 867 512 tranquillum
898 463 1089 511 apparet..
1114 455 1162 495 In
1183 454 1437 508 quadraturis
1455 454 1494 494 id
1512 465 1570 495 et-

120 518 200 557 iam
218 516 353 571 aliquo
369 516 493 569 pacto
518 514 718 568 contingit
736 541 746 558 ‚
762 523 809 554 ut
845 513 1035 553 circuitus
1063 520 1165 552 unus
1184 510 1230 553 fit
1260 514 1387 566 major
1414 510 1542 551 altero
1559 541 1571 557 ,

122 573 187 615 sed
220 585 316 614 tunc
348 573 474 627 magis
507 572 556 613 ad
586 572 748 627 vulgare
777 568 874 610 illud
904 569 969 611 sex
991 569 1182 613 horarum
1205 568 1373 626 spatium
1403 568 1572 623 quilibet

120 629 250 672 fluxus
280 629 341 670 vel
374 628 543 671 refluxus
572 629 760 670 accedere
790 627 947 668 videtur
976 655 987 670 ‚
1018 642 1068 668 ex
1097 642 1179 683 quo
1205 627 1359 669 fortaffe
1389 637 1483 667 nata
1518 624 1573 665 est

122 689 345 729 communis
364 687 430 728 illa
444 688 584 742 opinio
599 713 611 729 ,
639 699 716 739 qua
733 685 894 741 quisque
908 683 1031 739 vulgo
1047 683 1114 725 fibi
1132 684 1338 739 persuadet
1349 714 1361 730 ,
1379 697 1486 726 mare
1501 680 1574 724 sm-

126 744 228 800 gulis
246 743 311 786 sex
325 744 434 786 horis
450 742 621 785 crescere
637 771 650 786 ‚
679 744 721 783 ὅ(
737 741 894 798 fingulis
910 740 1130 784 decrescere
1147 769 1156 778 ·

516 863 1060 912 PROPOSITIO
1129 864 1185 906 V.

141 961 244 1012 Plus
273 959 468 1013 conferre
501 961 670 1013 videtur
689 963 744 1012 ad
761 962 961 1012 diurnum
995 961 1126 1011 maris
1144 964 1322 1013 Aestum
1349 961 1420 1012 Sol
1439 979 1576 1028 quan·

208 1045 271 1094 do
305 1047 364 1096 est
398 1049 441 1095 in
477 1046 719 1098 Meridiano
745 1046 925 1103 nostro,
955 1062 1088 1110 quam
1123 1049 1274 1095 Luna.

556 1174 1154 1216 SCHOLIVM.

102 1260 104 1262 ¹
129 1270 196 1354 F
215 1265 386 1306 Atentur
402 1265 562 1321 quidem
576 1265 811 1322 Philosophi
842 1281 977 1308 omnes
995 1294 1007 1309 ,
1038 1267 1190 1307 Lunam
1207 1266 1377 1307 multum
1401 1266 1582 1307 conferre

230 1323 279 1363 ad
313 1336 505 1376 aquarum
531 1324 796 1365 elevationem
826 1353 837 1368 ‚
866 1325 1028 1380 quando
1059 1321 1112 1363 est
1143 1326 1184 1363 in
1217 1325 1442 1365 Meridiano
1472 1352 1483 1367 ‚
1516 1323 1581 1365 vel

127 1394 260 1438 prope
291 1379 558 1421 Meridianum
590 1380 694 1421 illius
726 1381 831 1427 loci,
854 1383 894 1422 in
919 1396 1000 1435 quo
1029 1377 1074 1420 fit
1107 1379 1262 1426 fluxus;
1291 1383 1442 1422 Verum
1474 1383 1582 1437 apud

129 1455 200 1481 nos
229 1436 284 1477 nil
312 1436 389 1478 fere
413 1439 522 1478 Luna
551 1433 601 1478 ad
632 1438 819 1478 diurnum
849 1449 1004 1479 motum
1035 1440 1151 1478 maris
1184 1437 1364 1479 conferre
1396 1440 1582 1484 videtur3

129 1497 201 1538 Sed
232 1495 363 1550 potius
395 1493 460 1535 Sol
491 1494 677 1535 diurnum
707 1495 856 1536 aestum
887 1497 1016 1548 regit;
1048 1497 1159 1535 Luna
1192 1509 1287 1536 vero
1318 1495 1556 1536 menstruum
1574 1521 1590 1533 ,ν

131 1554 252 1608 Saepe
283 1552 393 1591 enim
428 1549 562 1592 sumtis
579 1552 750 1592 interdiu
767 1552 1081 1608 ephemeridibus
1103 1552 1347 1598 Mansredii,
1378 1555 1414 1593 in
1442 1555 1584 1608 quibus

130 1607 310 1651 transitus
327 1610 460 1649 Lunae
490 1622 558 1664 per
587 1608 852 1650 Meridianum
884 1619 1073 1653 notatur,
1103 1610 1146 1649 ὃς
1178 1612 1298 1651 ηοέὶιι
1314 1612 1426 1651 Luna
1443 1613 1482 1650 in
1500 1609 1585 1666 ipso

131 1667 357 1709 Meridiano
389 1663 562 1720 inspecta
590 1668 764 1720 cognovi
792 1665 935 1707 statum
963 1665 1088 1721 ipsum
1118 1669 1252 1708 Lunae
1284 1669 1324 1708 in
1353 1668 1581 1710 Meridiano

132 1725 190 1766 nil
216 1721 397 1764 conferre
427 1722 478 1764 ad
506 1724 698 1775 majorem
728 1725 844 1764 maris
874 1723 1137 1765 elevationem
1154 1754 1162 1767 ,
1188 1738 1312 1779 quum
1328 1726 1528 1767 interdum
1543 1742 1592 1768 a·

134 1795 236 1837 quae
267 1778 387 1820 effent
412 1780 641 1821 humiliores
657 1808 668 1823 ‚
693 1782 740 1828 ὅ(
760 1783 798 1820 in
818 1783 967 1834 majore
993 1781 1301 1823 detumescentia
1320 1814 1330 1829 ,
1362 1782 1424 1825 seu
1452 1786 1489 1825 in
1509 1800 1589 1825 rna-

133 1839 211 1893 jori
240 1834 392 1878 refluxu
423 1846 602 1892 ternpore
634 1850 769 1877 morae
785 1836 848 1879 seu
867 1836 1046 1878 transitus
1077 1837 1191 1893 ipsius
1208 1842 1339 1881 Lunae
1367 1855 1436 1895 per
1468 1843 1588 1882 Meri-

134 1897 293 1937 dianum
322 1893 521 1935 nostrum.
552 1894 685 1949 Qiare
709 1895 813 1951 apud
847 1909 918 1936 nos
949 1895 1041 1939 Sol,
1072 1908 1118 1936 ut
1150 1897 1263 1942 dixi,
1296 1910 1452 1940 motum
1483 1900 1590 1941 diur-

135 1966 229 1993 num
267 1954 381 1992 maris
412 1965 544 2005 regere
576 1953 731 1993 videtur
761 1983 772 1998 ,
807 1967 930 2009 quum
960 1968 1085 2008 aquae
1114 1953 1201 1994 heic
1233 1956 1405 1997 interdiu
1437 1956 1591 2012 semper

136 2012 240 2050 circa
273 2009 476 2048 meridiem
496 2020 675 2050 tumeant
691 2040 701 2054 ,
731 2010 774 2050 ὃς
791 2011 912 2050 noctu
929 2011 1036 2051 circa
1053 2011 1224 2053 mediam
1246 2015 1404 2055 noetem
1424 2045 1435 2060 ,
1465 2030 1589 2070 quan-

138 2067 193 2108 do
211 2064 358 2107 scilicet
384 2065 448 2106 Sol
466 2064 518 2105 est
534 2066 597 2107 vel
613 2068 651 2107 in
670 2067 892 2108 Meridiano
921 2067 1054 2109 nostro
1079 2072 1312 2125 apparenti,
1343 2072 1405 2113 vel
1432 2075 1473 2113 in
1501 2086 1593 2127 par-

140 2125 242 2165 tibus
275 2126 355 2177 ejus
379 2122 604 2179 oppositis,
635 2124 804 2166 Fortaffe
824 2124 886 2166 Sol
921 2127 1025 2180 regit
1055 2128 1098 2167 ὃς
1131 2142 1303 2168 annuum
1320 2142 1476 2171 motum
1509 2145 1595 2171 ma·-

140 2183 218 2225 ris,
245 2180 389 2222 aestum
415 2181 565 2222 scilicet
595 2185 786 2234 majorem
815 2185 920 2224 circa
952 2186 1218 2238 Aequinoctia
1236 2217 1246 2230 ,
1275 2186 1318 2225 &
1335 2188 1444 2228 circa
1461 2188 1592 2229 Solsti-

142 2240 198 2279 tia
216 2269 226 2285 ‚
256 2249 300 2279 ut
330 2254 467 2280 omnes
496 2241 616 2284 etiam
647 2239 819 2281 fatentur
836 2272 845 2286 ‚
877 2239 1106 2296 praesertim
1122 2257 1246 2297 quum
1263 2258 1332 2284 nos
1349 2259 1399 2287 ex
1415 2243 1592 2302 propost-

142 2298 252 2336 tione
281 2299 397 2338 tertia
429 2309 680 2353 compertum
694 2298 919 2342 habeamus,
937 2300 1106 2352 majores
1131 2300 1250 2341 aestus
1279 2300 1428 2358 semper
1460 2305 1498 2344 in
1526 2304 1592 2343 lit-

144 2363 231 2394 tore
246 2353 380 2394 nostro
396 2356 625 2409 contingere
639 2370 682 2396 ea
700 2357 810 2398 Luna
831 2387 838 2401 ‚
856 2372 956 2412 quae
973 2360 1243 2412 Aequinoctia
1259 2360 1301 2400 &
1318 2361 1486 2402 Solstitia
1502 2376 1592 2418 pro-

141 2411 249 2507 }ime
280 2410 472 2466 sequitur.
507 2412 563 2453 At
580 2413 666 2469 post
683 2414 853 2455 Solstitia
888 2416 1008 2457 aestus
1039 2415 1168 2458 adhuc
1202 2415 1288 2458 sunt
1318 2423 1516 2474 majoreS,
1548 2428 1594 2458 ut

171 2482 336 2509 iximus.

1471 2535 1595 2576 PRO-
