<?xml version="1.0" encoding="UTF-8"?>
<!DOCTYPE html PUBLIC "-//W3C//DTD XHTML 1.0 Transitional//EN"
    "http://www.w3.org/TR/xhtml1/DTD/xhtml1-transitional.dtd">
<html xmlns="http://www.w3.org/1999/xhtml" xml:lang="en" lang="en">
 <head>
  <title>
</title>
<meta http-equiv="Content-Type" content="text/html;charset=utf-8" />
  <meta name='ocr-system' content='tesseract 3.04.00' />
  <meta name='ocr-capabilities' content='ocr_page ocr_carea ocr_par ocr_line ocrx_word'/>
</head>
<body>
  <div class='ocr_page' id='page_1' title='image "./janiplanciarimin00bian_0124.png"; bbox 0 0 1814 2902; ppageno 0'>
   <div class='ocr_carea' id='block_1_1' title="bbox 264 210 1356 254">
    <p class='ocr_par' dir='ltr' id='par_1_1' title="bbox 264 210 1356 254">
     <span class='ocr_line' id='line_1_1' title="bbox 264 210 1356 254; baseline -0.003 0"><span class='ocrx_word' id='word_1_1' title='bbox 264 218 338 254; x_wconf 83' lang='lat'>116</span> <span class='ocrx_word' id='word_1_2' title='bbox 591 210 956 252; x_wconf 89' lang='lat' dir='ltr'>APPENDIX</span> <span class='ocrx_word' id='word_1_3' title='bbox 1000 211 1356 252; x_wconf 85' lang='lat' dir='ltr'><strong>SECVNDA.</strong></span> 
     </span>
    </p>
   </div>
   <div class='ocr_carea' id='block_1_2' title="bbox 256 297 1678 413">
    <p class='ocr_par' dir='ltr' id='par_1_2' title="bbox 256 297 1678 413">
     <span class='ocr_line' id='line_1_2' title="bbox 256 297 1678 357; baseline 0.003 -15"><span class='ocrx_word' id='word_1_4' title='bbox 256 301 325 342; x_wconf 88' lang='lat' dir='ltr'>leis</span> <span class='ocrx_word' id='word_1_5' title='bbox 341 301 460 341; x_wconf 86' lang='lat' dir='ltr'>oculo</span> <span class='ocrx_word' id='word_1_6' title='bbox 489 307 642 339; x_wconf 83' lang='lat' dir='ltr'>armato</span> <span class='ocrx_word' id='word_1_7' title='bbox 659 309 815 339; x_wconf 85' lang='lat' dir='ltr'>tantum</span> <span class='ocrx_word' id='word_1_8' title='bbox 837 297 1073 354; x_wconf 77' lang='lat' dir='ltr'>conspicuis;</span> <span class='ocrx_word' id='word_1_9' title='bbox 1094 299 1292 340; x_wconf 87' lang='lat' dir='ltr'>interdum</span> <span class='ocrx_word' id='word_1_10' title='bbox 1308 300 1512 343; x_wconf 83' lang='lat' dir='ltr'>ramusculi</span> <span class='ocrx_word' id='word_1_11' title='bbox 1527 306 1606 357; x_wconf 87' lang='lat' dir='ltr'>ejus</span> <span class='ocrx_word' id='word_1_12' title='bbox 1623 305 1678 346; x_wconf 84' lang='lat' dir='ltr'>ita</span> 
     </span>
     <span class='ocr_line' id='line_1_3' title="bbox 257 353 1678 413; baseline 0 -16"><span class='ocrx_word' id='word_1_13' title='bbox 257 359 446 399; x_wconf 62' lang='lat' dir='ltr'>contaeiu</span> <span class='ocrx_word' id='word_1_14' title='bbox 471 358 660 397; x_wconf 83' lang='lat' dir='ltr'>uniuntur</span> <span class='ocrx_word' id='word_1_15' title='bbox 677 357 778 396; x_wconf 82' lang='lat' dir='ltr'>inter</span> <span class='ocrx_word' id='word_1_16' title='bbox 801 354 836 397; x_wconf 89' lang='lat' dir='ltr'>se</span> <span class='ocrx_word' id='word_1_17' title='bbox 852 386 862 402; x_wconf 92' lang='lat'>‚</span> <span class='ocrx_word' id='word_1_18' title='bbox 892 367 937 396; x_wconf 93' lang='lat' dir='ltr'>ut</span> <span class='ocrx_word' id='word_1_19' title='bbox 953 356 1090 397; x_wconf 88' lang='lat' dir='ltr'>divelli</span> <span class='ocrx_word' id='word_1_20' title='bbox 1112 353 1188 398; x_wconf 87' lang='lat' dir='ltr'>fine</span> <span class='ocrx_word' id='word_1_21' title='bbox 1203 355 1440 399; x_wconf 80' lang='lat' dir='ltr'>laceratione</span> <span class='ocrx_word' id='word_1_22' title='bbox 1463 372 1678 413; x_wconf 84' lang='lat' dir='ltr'>nequeant.</span> 
     </span>
    </p>
   </div>
   <div class='ocr_carea' id='block_1_3' title="bbox 258 467 1679 502">
    <p class='ocr_par' dir='ltr' id='par_1_3' title="bbox 258 467 1679 502">
     <span class='ocr_line' id='line_1_4' title="bbox 258 467 1679 502; baseline 0.002 -3"><span class='ocrx_word' id='word_1_23' title='bbox 258 467 1679 502; x_wconf 51' lang='lat' dir='ltr'>MQWQQQQQQQWQQQQW</span> 
     </span>
    </p>
   </div>
   <div class='ocr_carea' id='block_1_4' title="bbox 548 535 1375 601">
    <p class='ocr_par' dir='ltr' id='par_1_4' title="bbox 548 535 1375 601">
     <span class='ocr_line' id='line_1_5' title="bbox 548 535 1375 601; baseline 0.002 -5"><span class='ocrx_word' id='word_1_24' title='bbox 548 535 945 598; x_wconf 85' lang='lat' dir='ltr'>CAPVT</span> <span class='ocrx_word' id='word_1_25' title='bbox 1068 537 1375 601; x_wconf 92' lang='lat' dir='ltr'>XXXI.</span> 
     </span>
    </p>
   </div>
   <div class='ocr_carea' id='block_1_5' title="bbox 441 638 1495 682">
    <p class='ocr_par' dir='ltr' id='par_1_5' title="bbox 441 638 1495 682">
     <span class='ocr_line' id='line_1_6' title="bbox 441 638 1495 682; baseline 0.005 -5"><span class='ocrx_word' id='word_1_26' title='bbox 441 638 620 678; x_wconf 79' lang='lat' dir='ltr'>SPONGIA</span> <span class='ocrx_word' id='word_1_27' title='bbox 649 646 814 678; x_wconf 75' lang='lat' dir='ltr'>RAMOSA</span> <span class='ocrx_word' id='word_1_28' title='bbox 848 649 1028 679; x_wconf 81' lang='lat' dir='ltr'>RAMVLIS</span> <span class='ocrx_word' id='word_1_29' title='bbox 1057 652 1229 681; x_wconf 80' lang='lat' dir='ltr'>CONICIS</span> <span class='ocrx_word' id='word_1_30' title='bbox 1261 655 1469 682; x_wconf 73' lang='lat' dir='ltr'>EXCAVATA</span> <span class='ocrx_word' id='word_1_31' title='bbox 1487 674 1495 681; x_wconf 84' lang='lat'><strong>.</strong></span> 
     </span>
    </p>
   </div>
   <div class='ocr_carea' id='block_1_6' title="bbox 254 703 1684 1167">
    <p class='ocr_par' dir='ltr' id='par_1_6' title="bbox 337 703 1682 771">
     <span class='ocr_line' id='line_1_7' title="bbox 337 703 1682 771; baseline 0.004 -18"><span class='ocrx_word' id='word_1_32' title='bbox 337 714 485 767; x_wconf 83' lang='lat' dir='ltr'>Pongia</span> <span class='ocrx_word' id='word_1_33' title='bbox 507 709 602 753; x_wconf 83' lang='lat' dir='ltr'>haec</span> <span class='ocrx_word' id='word_1_34' title='bbox 628 703 776 753; x_wconf 80' lang='lat' dir='ltr'>ramosa</span> <span class='ocrx_word' id='word_1_35' title='bbox 800 711 954 753; x_wconf 83' lang='lat' dir='ltr'>Tabula</span> <span class='ocrx_word' id='word_1_36' title='bbox 983 711 1091 753; x_wconf 83' lang='lat' dir='ltr'><strong>XIII·</strong></span> <span class='ocrx_word' id='word_1_37' title='bbox 1118 709 1184 753; x_wconf 83' lang='lat' dir='ltr'>sub</span> <span class='ocrx_word' id='word_1_38' title='bbox 1216 712 1350 755; x_wconf 83' lang='lat' dir='ltr'>littera</span> <span class='ocrx_word' id='word_1_39' title='bbox 1378 715 1418 755; x_wconf 91' lang='grc' dir='ltr'>Β.</span> <span class='ocrx_word' id='word_1_40' title='bbox 1445 716 1615 771; x_wconf 76' lang='lat' dir='ltr'>exprefla</span> <span class='ocrx_word' id='word_1_41' title='bbox 1632 716 1682 757; x_wconf 83' lang='lat' dir='ltr'>ad</span> 
     </span>
    </p>

    <p class='ocr_par' dir='ltr' id='par_1_7' title="bbox 254 767 1684 1167">
     <span class='ocr_line' id='line_1_8' title="bbox 350 767 1678 826; baseline 0.002 -15"><span class='ocrx_word' id='word_1_42' title='bbox 350 770 573 824; x_wconf 82' lang='lat' dir='ltr'>bipedalem</span> <span class='ocrx_word' id='word_1_43' title='bbox 597 769 875 814; x_wconf 83' lang='lat' dir='ltr'>altitudinem,</span> <span class='ocrx_word' id='word_1_44' title='bbox 905 769 948 808; x_wconf 84' lang='lat'>&amp;</span> <span class='ocrx_word' id='word_1_45' title='bbox 977 767 1145 823; x_wconf 83' lang='lat' dir='ltr'>amplius</span> <span class='ocrx_word' id='word_1_46' title='bbox 1178 770 1377 812; x_wconf 84' lang='lat' dir='ltr'>interdum</span> <span class='ocrx_word' id='word_1_47' title='bbox 1411 771 1600 826; x_wconf 77' lang='lat' dir='ltr'>assurgit.</span> <span class='ocrx_word' id='word_1_48' title='bbox 1630 774 1678 812; x_wconf 88' lang='lat' dir='ltr'>In</span> 
     </span>
     <span class='ocr_line' id='line_1_9' title="bbox 256 823 1684 879; baseline 0.002 -12"><span class='ocrx_word' id='word_1_49' title='bbox 256 827 419 868; x_wconf 83' lang='lat' dir='ltr'>Trunco</span> <span class='ocrx_word' id='word_1_50' title='bbox 447 828 547 866; x_wconf 86' lang='lat' dir='ltr'>&amp;in</span> <span class='ocrx_word' id='word_1_51' title='bbox 573 824 754 867; x_wconf 82' lang='lat' dir='ltr'>Ramulis</span> <span class='ocrx_word' id='word_1_52' title='bbox 784 836 870 865; x_wconf 83' lang='lat' dir='ltr'>tota</span> <span class='ocrx_word' id='word_1_53' title='bbox 889 823 1052 866; x_wconf 84' lang='lat' dir='ltr'>foveolis</span> <span class='ocrx_word' id='word_1_54' title='bbox 1080 823 1311 879; x_wconf 86' lang='lat' dir='ltr'>quibusdam</span> <span class='ocrx_word' id='word_1_55' title='bbox 1327 843 1360 868; x_wconf 82' lang='lat' dir='ltr'>a.</span> <span class='ocrx_word' id='word_1_56' title='bbox 1379 845 1412 869; x_wconf 81' lang='lat' dir='ltr'>a.</span> <span class='ocrx_word' id='word_1_57' title='bbox 1432 843 1464 869; x_wconf 81' lang='lat' dir='ltr'>a.</span> <span class='ocrx_word' id='word_1_58' title='bbox 1483 829 1536 870; x_wconf 90' lang='lat' dir='ltr'>est</span> <span class='ocrx_word' id='word_1_59' title='bbox 1565 843 1684 870; x_wconf 83' lang='lat' dir='ltr'>exca-</span> 
     </span>
     <span class='ocr_line' id='line_1_10' title="bbox 255 879 1682 940; baseline -0.001 -14"><span class='ocrx_word' id='word_1_60' title='bbox 255 895 373 926; x_wconf 80' lang='lat' dir='ltr'>vata.</span> <span class='ocrx_word' id='word_1_61' title='bbox 405 885 452 925; x_wconf 86' lang='lat' dir='ltr'>In</span> <span class='ocrx_word' id='word_1_62' title='bbox 470 884 545 923; x_wconf 89' lang='lat' dir='ltr'>istis</span> <span class='ocrx_word' id='word_1_63' title='bbox 564 882 726 924; x_wconf 86' lang='lat' dir='ltr'>foveolis</span> <span class='ocrx_word' id='word_1_64' title='bbox 750 881 884 922; x_wconf 86' lang='lat' dir='ltr'>haeret</span> <span class='ocrx_word' id='word_1_65' title='bbox 898 882 1027 935; x_wconf 84' lang='lat' dir='ltr'>liquor</span> <span class='ocrx_word' id='word_1_66' title='bbox 1057 879 1228 936; x_wconf 87' lang='lat' dir='ltr'>impense</span> <span class='ocrx_word' id='word_1_67' title='bbox 1258 886 1404 927; x_wconf 80' lang='lat' dir='ltr'>ruber,</span> <span class='ocrx_word' id='word_1_68' title='bbox 1436 887 1504 939; x_wconf 89' lang='lat' dir='ltr'>qui</span> <span class='ocrx_word' id='word_1_69' title='bbox 1520 894 1682 940; x_wconf 86' lang='lat' dir='ltr'>tangen-</span> 
     </span>
     <span class='ocr_line' id='line_1_11' title="bbox 255 934 1680 994; baseline 0.001 -15"><span class='ocrx_word' id='word_1_70' title='bbox 255 942 355 981; x_wconf 84' lang='lat' dir='ltr'>tium</span> <span class='ocrx_word' id='word_1_71' title='bbox 389 955 549 986; x_wconf 86' lang='lat' dir='ltr'>manus,</span> <span class='ocrx_word' id='word_1_72' title='bbox 590 941 633 979; x_wconf 69' lang='grc' dir='ltr'>δε</span> <span class='ocrx_word' id='word_1_73' title='bbox 664 938 869 994; x_wconf 83' lang='lat' dir='ltr'>spongiam</span> <span class='ocrx_word' id='word_1_74' title='bbox 897 934 1113 979; x_wconf 77' lang='lat' dir='ltr'>universam</span> <span class='ocrx_word' id='word_1_75' title='bbox 1145 936 1298 978; x_wconf 83' lang='lat' dir='ltr'>inficit.</span> <span class='ocrx_word' id='word_1_76' title='bbox 1327 942 1478 993; x_wconf 86' lang='lat' dir='ltr'>Liquor</span> <span class='ocrx_word' id='word_1_77' title='bbox 1508 943 1680 991; x_wconf 84' lang='lat' dir='ltr'>virorem</span> 
     </span>
     <span class='ocr_line' id='line_1_12' title="bbox 255 995 1682 1052; baseline 0.001 -15"><span class='ocrx_word' id='word_1_78' title='bbox 255 997 468 1052; x_wconf 80' lang='lat' dir='ltr'><strong>quemdam</strong></span> <span class='ocrx_word' id='word_1_79' title='bbox 498 996 645 1052; x_wconf 82' lang='lat' dir='ltr'>spirat,</span> <span class='ocrx_word' id='word_1_80' title='bbox 676 998 743 1050; x_wconf 86' lang='lat' dir='ltr'>qui</span> <span class='ocrx_word' id='word_1_81' title='bbox 776 1008 854 1036; x_wconf 88' lang='lat' dir='ltr'>non</span> <span class='ocrx_word' id='word_1_82' title='bbox 879 996 1042 1035; x_wconf 88' lang='lat' dir='ltr'>omnino</span> <span class='ocrx_word' id='word_1_83' title='bbox 1072 996 1246 1048; x_wconf 87' lang='lat' dir='ltr'>ingratus</span> <span class='ocrx_word' id='word_1_84' title='bbox 1263 995 1336 1036; x_wconf 88' lang='lat' dir='ltr'>est.</span> <span class='ocrx_word' id='word_1_85' title='bbox 1382 997 1544 1038; x_wconf 86' lang='lat' dir='ltr'>Ramuli</span> <span class='ocrx_word' id='word_1_86' title='bbox 1568 997 1682 1050; x_wconf 88' lang='lat' dir='ltr'>hujus</span> 
     </span>
     <span class='ocr_line' id='line_1_13' title="bbox 254 1051 1681 1108; baseline 0 -14"><span class='ocrx_word' id='word_1_87' title='bbox 254 1053 442 1108; x_wconf 85' lang='lat' dir='ltr'>spongiae</span> <span class='ocrx_word' id='word_1_88' title='bbox 468 1055 665 1095; x_wconf 88' lang='lat' dir='ltr'>interdum</span> <span class='ocrx_word' id='word_1_89' title='bbox 698 1056 752 1093; x_wconf 83' lang='lat' dir='ltr'>ita</span> <span class='ocrx_word' id='word_1_90' title='bbox 768 1054 957 1093; x_wconf 87' lang='lat' dir='ltr'>uniuntur</span> <span class='ocrx_word' id='word_1_91' title='bbox 984 1053 1087 1092; x_wconf 83' lang='lat' dir='ltr'>inter</span> <span class='ocrx_word' id='word_1_92' title='bbox 1104 1051 1166 1098; x_wconf 87' lang='lat' dir='ltr'>se,</span> <span class='ocrx_word' id='word_1_93' title='bbox 1195 1062 1240 1092; x_wconf 87' lang='lat' dir='ltr'>ut</span> <span class='ocrx_word' id='word_1_94' title='bbox 1272 1053 1405 1095; x_wconf 87' lang='lat' dir='ltr'>divelli</span> <span class='ocrx_word' id='word_1_95' title='bbox 1429 1053 1504 1095; x_wconf 82' lang='lat' dir='ltr'>fine</span> <span class='ocrx_word' id='word_1_96' title='bbox 1532 1053 1681 1095; x_wconf 79' lang='lat' dir='ltr'>lacera-</span> 
     </span>
     <span class='ocr_line' id='line_1_14' title="bbox 256 1109 1075 1167; baseline -0.005 -17"><span class='ocrx_word' id='word_1_97' title='bbox 256 1113 366 1152; x_wconf 89' lang='lat' dir='ltr'>tione</span> <span class='ocrx_word' id='word_1_98' title='bbox 381 1141 400 1156; x_wconf 91' lang='lat'>,.</span> <span class='ocrx_word' id='word_1_99' title='bbox 424 1123 469 1152; x_wconf 89' lang='lat' dir='ltr'>ut</span> <span class='ocrx_word' id='word_1_100' title='bbox 487 1112 526 1151; x_wconf 89' lang='lat' dir='ltr'>in</span> <span class='ocrx_word' id='word_1_101' title='bbox 543 1109 822 1167; x_wconf 88' lang='lat' dir='ltr'>praecedenti,</span> <span class='ocrx_word' id='word_1_102' title='bbox 853 1118 1049 1163; x_wconf 82' lang='lat' dir='ltr'>nequeant</span> <span class='ocrx_word' id='word_1_103' title='bbox 1067 1136 1075 1145; x_wconf 91' lang='lat'><strong>.</strong></span> 
     </span>
    </p>
   </div>
   <div class='ocr_carea' id='block_1_7' title="bbox 456 1398 1532 1444">
    <p class='ocr_par' dir='ltr' id='par_1_8' title="bbox 456 1398 1532 1444">
     <span class='ocr_line' id='line_1_15' title="bbox 456 1398 1532 1444; baseline 0.006 -7"><span class='ocrx_word' id='word_1_104' title='bbox 456 1398 636 1438; x_wconf 79' lang='lat' dir='ltr'>SPONGIA</span> <span class='ocrx_word' id='word_1_105' title='bbox 669 1408 848 1439; x_wconf 74' lang='lat' dir='ltr'>VELARIA</span> <span class='ocrx_word' id='word_1_106' title='bbox 890 1411 1058 1442; x_wconf 71' lang='lat' dir='ltr'>nAMosA</span> <span class='ocrx_word' id='word_1_107' title='bbox 1091 1412 1222 1442; x_wconf 67' lang='lat' dir='ltr'>nnus</span> <span class='ocrx_word' id='word_1_108' title='bbox 1246 1412 1473 1444; x_wconf 57' lang='lat' dir='ltr'>immam.</span> <span class='ocrx_word' id='word_1_109' title='bbox 1528 1436 1532 1439; x_wconf 92' lang='lat'>.</span> 
     </span>
    </p>
   </div>
   <div class='ocr_carea' id='block_1_8' title="bbox 259 1482 1679 1574">
    <p class='ocr_par' dir='ltr' id='par_1_9' title="bbox 259 1482 1679 1574">
     <span class='ocr_line' id='line_1_16' title="bbox 259 1482 1679 1574; baseline 0.004 -49"><span class='ocrx_word' id='word_1_110' title='bbox 259 1487 315 1574; x_wconf 82' lang='lat' dir='ltr'>S</span> <span class='ocrx_word' id='word_1_111' title='bbox 333 1487 484 1542; x_wconf 81' lang='lat' dir='ltr'>Pongia</span> <span class='ocrx_word' id='word_1_112' title='bbox 500 1482 595 1529; x_wconf 85' lang='lat' dir='ltr'>haec</span> <span class='ocrx_word' id='word_1_113' title='bbox 622 1489 669 1529; x_wconf 86' lang='lat' dir='ltr'>ad</span> <span class='ocrx_word' id='word_1_114' title='bbox 688 1488 733 1530; x_wconf 89' lang='lat' dir='ltr'>C.</span> <span class='ocrx_word' id='word_1_115' title='bbox 749 1488 843 1530; x_wconf 85' lang='lat' dir='ltr'>Tab.</span> <span class='ocrx_word' id='word_1_116' title='bbox 864 1492 967 1531; x_wconf 87' lang='lat' dir='ltr'>XIV.</span> <span class='ocrx_word' id='word_1_117' title='bbox 985 1490 1158 1552; x_wconf 55' lang='lat' dir='ltr'>eigpreffa</span> <span class='ocrx_word' id='word_1_118' title='bbox 1174 1490 1313 1532; x_wconf 78' lang='lat' dir='ltr'>velatis</span> <span class='ocrx_word' id='word_1_119' title='bbox 1330 1517 1340 1535; x_wconf 57' lang='lat'><em>⁵</em></span> <span class='ocrx_word' id='word_1_120' title='bbox 1369 1488 1431 1530; x_wconf 88' lang='lat' dir='ltr'>seu</span> <span class='ocrx_word' id='word_1_121' title='bbox 1447 1489 1594 1530; x_wconf 84' lang='lat' dir='ltr'>velaria</span> <span class='ocrx_word' id='word_1_122' title='bbox 1624 1487 1679 1531; x_wconf 77' lang='lat' dir='ltr'>di-</span> 
     </span>
    </p>
   </div>
   <div class='ocr_carea' id='block_1_9' title="bbox 255 1540 1742 2051">
    <p class='ocr_par' dir='ltr' id='par_1_10' title="bbox 255 1540 1742 2051">
     <span class='ocr_line' id='line_1_17' title="bbox 347 1540 1679 1602; baseline 0.003 -20"><span class='ocrx_word' id='word_1_123' title='bbox 347 1544 431 1588; x_wconf 71' lang='lat' dir='ltr'>(sta,</span> <span class='ocrx_word' id='word_1_124' title='bbox 462 1545 568 1597; x_wconf 83' lang='lat' dir='ltr'>quod</span> <span class='ocrx_word' id='word_1_125' title='bbox 596 1547 720 1588; x_wconf 66' lang='lat' dir='ltr'>‚tenuis</span> <span class='ocrx_word' id='word_1_126' title='bbox 736 1540 780 1583; x_wconf 80' lang='lat' dir='ltr'>sit</span> <span class='ocrx_word' id='word_1_127' title='bbox 796 1573 805 1584; x_wconf 77' lang='grc'>,</span> <span class='ocrx_word' id='word_1_128' title='bbox 837 1547 880 1586; x_wconf 72' lang='grc' dir='ltr'>ὅζ</span> <span class='ocrx_word' id='word_1_129' title='bbox 906 1559 992 1583; x_wconf 70' lang='lat' dir='ltr'>tota</span> <span class='ocrx_word' id='word_1_130' title='bbox 1012 1548 1257 1582; x_wconf 65' lang='lat' dir='ltr'>foraminulis</span> <span class='ocrx_word' id='word_1_131' title='bbox 1277 1544 1531 1596; x_wconf 73' lang='lat' dir='ltr'>transparens,</span> <span class='ocrx_word' id='word_1_132' title='bbox 1554 1545 1679 1602; x_wconf 54' lang='lat' dir='ltr'>velugi</span> 
     </span>
     <span class='ocr_line' id='line_1_18' title="bbox 255 1597 1681 1652; baseline 0 -11"><span class='ocrx_word' id='word_1_133' title='bbox 255 1599 386 1641; x_wconf 86' lang='lat' dir='ltr'>velum</span> <span class='ocrx_word' id='word_1_134' title='bbox 403 1627 413 1642; x_wconf 85' lang='lat'><em>,</em></span> <span class='ocrx_word' id='word_1_135' title='bbox 444 1598 594 1640; x_wconf 80' lang='lat' dir='ltr'>ramosa</span> <span class='ocrx_word' id='word_1_136' title='bbox 611 1598 663 1640; x_wconf 89' lang='lat' dir='ltr'>est</span> <span class='ocrx_word' id='word_1_137' title='bbox 676 1627 688 1642; x_wconf 88' lang='lat'>‚</span> <span class='ocrx_word' id='word_1_138' title='bbox 705 1600 748 1639; x_wconf 86' lang='lat'>&amp;</span> <span class='ocrx_word' id='word_1_139' title='bbox 765 1601 845 1652; x_wconf 86' lang='lat' dir='ltr'>ejus</span> <span class='ocrx_word' id='word_1_140' title='bbox 863 1602 962 1640; x_wconf 85' lang='lat' dir='ltr'>rami</span> <span class='ocrx_word' id='word_1_141' title='bbox 980 1599 1233 1652; x_wconf 76' lang='lat' dir='ltr'>implicantur</span> <span class='ocrx_word' id='word_1_142' title='bbox 1248 1599 1350 1638; x_wconf 88' lang='lat' dir='ltr'>inter</span> <span class='ocrx_word' id='word_1_143' title='bbox 1367 1597 1400 1637; x_wconf 91' lang='lat' dir='ltr'>se</span> <span class='ocrx_word' id='word_1_144' title='bbox 1418 1626 1428 1640; x_wconf 90' lang='lat'>‚</span> <span class='ocrx_word' id='word_1_145' title='bbox 1446 1610 1491 1639; x_wconf 85' lang='lat' dir='ltr'>ut</span> <span class='ocrx_word' id='word_1_146' title='bbox 1506 1603 1681 1641; x_wconf 85' lang='lat' dir='ltr'>cernitur</span> 
     </span>
     <span class='ocr_line' id='line_1_19' title="bbox 256 1653 1742 1710; baseline 0.001 -14"><span class='ocrx_word' id='word_1_147' title='bbox 256 1658 294 1696; x_wconf 84' lang='lat' dir='ltr'>in</span> <span class='ocrx_word' id='word_1_148' title='bbox 311 1655 429 1696; x_wconf 77' lang='lat' dir='ltr'>allata</span> <span class='ocrx_word' id='word_1_149' title='bbox 443 1653 569 1710; x_wconf 84' lang='lat' dir='ltr'>figura</span> <span class='ocrx_word' id='word_1_150' title='bbox 586 1682 594 1693; x_wconf 81' lang='lat'><strong>·</strong></span> <span class='ocrx_word' id='word_1_151' title='bbox 622 1657 670 1695; x_wconf 89' lang='lat' dir='ltr'>In</span> <span class='ocrx_word' id='word_1_152' title='bbox 685 1658 766 1709; x_wconf 83' lang='lat' dir='ltr'>ejus&#39;</span> <span class='ocrx_word' id='word_1_153' title='bbox 782 1655 941 1697; x_wconf 82' lang='lat' dir='ltr'>ramulis</span> <span class='ocrx_word' id='word_1_154' title='bbox 961 1656 1159 1695; x_wconf 86' lang='lat' dir='ltr'>interdum</span> <span class='ocrx_word' id='word_1_155' title='bbox 1175 1653 1367 1694; x_wconf 77' lang='lat' dir='ltr'>foramina</span> <span class='ocrx_word' id='word_1_156' title='bbox 1384 1657 1535 1707; x_wconf 83' lang='lat' dir='ltr'>majora</span> <span class='ocrx_word' id='word_1_157' title='bbox 1558 1670 1681 1710; x_wconf 82' lang='lat' dir='ltr'>appa·</span> <span class='ocrx_word' id='word_1_158' title='bbox 1739 1685 1742 1690; x_wconf 91' lang='lat'><em>-</em></span> 
     </span>
     <span class='ocr_line' id='line_1_20' title="bbox 258 1709 1681 1769; baseline -0.001 -16"><span class='ocrx_word' id='word_1_159' title='bbox 258 1724 345 1754; x_wconf 87' lang='lat' dir='ltr'>rent</span> <span class='ocrx_word' id='word_1_160' title='bbox 363 1742 369 1747; x_wconf 90' lang='lat'><em>-</em></span> <span class='ocrx_word' id='word_1_161' title='bbox 402 1711 640 1753; x_wconf 82' lang='lat' dir='ltr'>Adnascitur</span> <span class='ocrx_word' id='word_1_162' title='bbox 658 1714 771 1754; x_wconf 83' lang='lat' dir='ltr'>variis</span> <span class='ocrx_word' id='word_1_163' title='bbox 786 1714 898 1753; x_wconf 85' lang='lat' dir='ltr'>rebus</span> <span class='ocrx_word' id='word_1_164' title='bbox 915 1713 1071 1752; x_wconf 88' lang='lat' dir='ltr'>marinis</span> <span class='ocrx_word' id='word_1_165' title='bbox 1089 1740 1100 1755; x_wconf 91' lang='lat'>‚</span> <span class='ocrx_word' id='word_1_166' title='bbox 1119 1709 1182 1752; x_wconf 89' lang='lat' dir='ltr'>sed</span> <span class='ocrx_word' id='word_1_167' title='bbox 1201 1709 1427 1767; x_wconf 84' lang='lat' dir='ltr'>praesertim</span> <span class='ocrx_word' id='word_1_168' title='bbox 1445 1713 1681 1769; x_wconf 81' lang='lat' dir='ltr'>Petrobryis;</span> 
     </span>
     <span class='ocr_line' id='line_1_21' title="bbox 255 1767 1684 1824; baseline 0.001 -15"><span class='ocrx_word' id='word_1_169' title='bbox 255 1769 307 1810; x_wconf 80' lang='lat' dir='ltr'>est</span> <span class='ocrx_word' id='word_1_170' title='bbox 323 1771 502 1810; x_wconf 82' lang='lat' dir='ltr'>omnium</span> <span class='ocrx_word' id='word_1_171' title='bbox 519 1771 783 1824; x_wconf 79' lang='lat' dir='ltr'>Spongiarum</span> <span class='ocrx_word' id='word_1_172' title='bbox 814 1767 1030 1810; x_wconf 71' lang='lat' dir='ltr'>tenuissima</span> <span class='ocrx_word' id='word_1_173' title='bbox 1049 1799 1060 1814; x_wconf 92' lang='lat'>‚</span> <span class='ocrx_word' id='word_1_174' title='bbox 1085 1779 1129 1810; x_wconf 87' lang='lat' dir='ltr'>ut</span> <span class='ocrx_word' id='word_1_175' title='bbox 1145 1777 1232 1809; x_wconf 81' lang='lat' dir='ltr'>tota</span> <span class='ocrx_word' id='word_1_176' title='bbox 1262 1782 1311 1808; x_wconf 76' lang='lat' dir='ltr'>ex</span> <span class='ocrx_word' id='word_1_177' title='bbox 1340 1767 1598 1808; x_wconf 83' lang='lat' dir='ltr'>minutiffimis</span> <span class='ocrx_word' id='word_1_178' title='bbox 1615 1781 1684 1810; x_wconf 81' lang='lat' dir='ltr'>ve-&#39;</span> 
     </span>
     <span class='ocr_line' id='line_1_22' title="bbox 256 1823 1679 1868; baseline -0.001 -1"><span class='ocrx_word' id='word_1_179' title='bbox 256 1827 315 1867; x_wconf 84' lang='lat' dir='ltr'>lut</span> <span class='ocrx_word' id='word_1_180' title='bbox 331 1830 575 1868; x_wconf 80' lang='lat' dir='ltr'>Aranearum</span> <span class='ocrx_word' id='word_1_181' title='bbox 590 1824 665 1867; x_wconf 87' lang='lat' dir='ltr'>filis</span> <span class='ocrx_word' id='word_1_182' title='bbox 681 1825 855 1866; x_wconf 82' lang='lat' dir='ltr'>conflata</span> <span class='ocrx_word' id='word_1_183' title='bbox 871 1827 1052 1866; x_wconf 86' lang='lat' dir='ltr'>videatur</span> <span class='ocrx_word' id='word_1_184' title='bbox 1067 1854 1076 1861; x_wconf 87' lang='lat'><strong>.</strong></span> <span class='ocrx_word' id='word_1_185' title='bbox 1107 1823 1231 1865; x_wconf 86' lang='lat' dir='ltr'>Etiam</span> <span class='ocrx_word' id='word_1_186' title='bbox 1249 1823 1442 1864; x_wconf 71' lang='lat' dir='ltr'>exsiccata</span> <span class='ocrx_word' id='word_1_187' title='bbox 1466 1825 1679 1867; x_wconf 87' lang='lat' dir='ltr'>mollitiem</span> 
     </span>
     <span class='ocr_line' id='line_1_23' title="bbox 257 1879 1676 1937; baseline -0.001 -14"><span class='ocrx_word' id='word_1_188' title='bbox 257 1883 383 1925; x_wconf 71' lang='lat' dir='ltr'>fervat</span> <span class='ocrx_word' id='word_1_189' title='bbox 401 1914 410 1928; x_wconf 87' lang='lat'>,</span> <span class='ocrx_word' id='word_1_190' title='bbox 442 1895 487 1923; x_wconf 91' lang='lat' dir='ltr'>ut</span> <span class='ocrx_word' id='word_1_191' title='bbox 514 1884 734 1937; x_wconf 78' lang='lat' dir='ltr'>goffypium</span> <span class='ocrx_word' id='word_1_192' title='bbox 757 1884 966 1922; x_wconf 64' lang='lat' dir='ltr'>attrectare</span> <span class='ocrx_word' id='word_1_193' title='bbox 983 1883 1159 1922; x_wconf 85' lang='lat' dir='ltr'>videatur</span> <span class='ocrx_word' id='word_1_194' title='bbox 1178 1912 1185 1920; x_wconf 89' lang='lat'>.</span> <span class='ocrx_word' id='word_1_195' title='bbox 1219 1879 1323 1921; x_wconf 87' lang='lat' dir='ltr'>Alba</span> <span class='ocrx_word' id='word_1_196' title='bbox 1351 1880 1580 1935; x_wconf 82' lang='lat' dir='ltr'>plerumque</span> <span class='ocrx_word' id='word_1_197' title='bbox 1598 1882 1651 1922; x_wconf 90' lang='lat' dir='ltr'>est</span> <span class='ocrx_word' id='word_1_198' title='bbox 1666 1907 1676 1926; x_wconf 58' lang='lat'>⁵</span> 
     </span>
     <span class='ocr_line' id='line_1_24' title="bbox 255 1935 1679 1993; baseline 0 -15"><span class='ocrx_word' id='word_1_199' title='bbox 255 1935 319 1980; x_wconf 82' lang='lat' dir='ltr'>sed</span> <span class='ocrx_word' id='word_1_200' title='bbox 350 1941 550 1980; x_wconf 83' lang='lat' dir='ltr'>interdum</span> <span class='ocrx_word' id='word_1_201' title='bbox 582 1938 761 1980; x_wconf 61' lang='lat' dir='ltr'>subrufa.</span> <span class='ocrx_word' id='word_1_202' title='bbox 786 1939 953 1979; x_wconf 84' lang='lat' dir='ltr'>Videtur</span> <span class='ocrx_word' id='word_1_203' title='bbox 981 1937 1050 1978; x_wconf 82' lang='lat' dir='ltr'>effe</span> <span class='ocrx_word' id='word_1_204' title='bbox 1067 1938 1325 1993; x_wconf 83' lang='lat' dir='ltr'>peculiarium</span> <span class='ocrx_word' id='word_1_205' title='bbox 1339 1935 1580 1978; x_wconf 67' lang='lat' dir='ltr'>Insectorum</span> <span class='ocrx_word' id='word_1_206' title='bbox 1595 1941 1679 1979; x_wconf 53' lang='lat' dir='ltr'>Do*</span> 
     </span>
     <span class='ocr_line' id='line_1_25' title="bbox 257 1992 1562 2051; baseline -0.002 -16"><span class='ocrx_word' id='word_1_207' title='bbox 257 1996 449 2037; x_wconf 85' lang='lat' dir='ltr'>micilium</span> <span class='ocrx_word' id='word_1_208' title='bbox 476 2010 525 2037; x_wconf 82' lang='lat' dir='ltr'>ex</span> <span class='ocrx_word' id='word_1_209' title='bbox 555 1998 670 2037; x_wconf 77' lang='lat' dir='ltr'>variis</span> <span class='ocrx_word' id='word_1_210' title='bbox 696 1997 769 2036; x_wconf 86' lang='lat' dir='ltr'>illis</span> <span class='ocrx_word' id='word_1_211' title='bbox 792 1994 1051 2036; x_wconf 82' lang='lat' dir='ltr'>foraminibus</span> <span class='ocrx_word' id='word_1_212' title='bbox 1083 1997 1124 2035; x_wconf 90' lang='lat' dir='ltr'>in</span> <span class='ocrx_word' id='word_1_213' title='bbox 1140 1995 1342 2036; x_wconf 75' lang='lat' dir='ltr'>Schemate</span> <span class='ocrx_word' id='word_1_214' title='bbox 1359 1992 1562 2051; x_wconf 82' lang='lat' dir='ltr'>expreffis.</span> 
     </span>
    </p>
   </div>
   <div class='ocr_carea' id='block_1_10' title="bbox 495 2168 1428 2259">
    <p class='ocr_par' dir='ltr' id='par_1_11' title="bbox 495 2168 1428 2259">
     <span class='ocr_line' id='line_1_26' title="bbox 495 2168 1428 2259; baseline -0.005 -28"><span class='ocrx_word' id='word_1_215' title='bbox 495 2168 892 2259; x_wconf 75' lang='lat' dir='ltr'>CAPVT</span> <span class='ocrx_word' id='word_1_216' title='bbox 1016 2170 1428 2230; x_wconf 80' lang='lat' dir='ltr'>XXXIH.</span> 
     </span>
    </p>
   </div>
   <div class='ocr_carea' id='block_1_11' title="bbox 316 2274 1615 2317">
    <p class='ocr_par' dir='ltr' id='par_1_12' title="bbox 316 2274 1615 2317">
     <span class='ocr_line' id='line_1_27' title="bbox 316 2274 1615 2317; baseline 0.001 -6"><span class='ocrx_word' id='word_1_217' title='bbox 316 2274 496 2314; x_wconf 67' lang='lat' dir='ltr'>SPONGIA</span> <span class='ocrx_word' id='word_1_218' title='bbox 526 2274 717 2317; x_wconf 81' lang='lat' dir='ltr'>HIRCINA</span> <span class='ocrx_word' id='word_1_219' title='bbox 748 2283 953 2315; x_wconf 71' lang='lat' dir='ltr'>SATVRATE</span> <span class='ocrx_word' id='word_1_220' title='bbox 982 2282 1111 2317; x_wconf 61' lang='lat' dir='ltr'>nvn,</span> <span class='ocrx_word' id='word_1_221' title='bbox 1130 2284 1292 2312; x_wconf 70' lang='lat' dir='ltr'>RAMOSA</span> <span class='ocrx_word' id='word_1_222' title='bbox 1311 2303 1321 2317; x_wconf 91' lang='lat'><strong><em>,</em></strong></span> <span class='ocrx_word' id='word_1_223' title='bbox 1352 2280 1397 2313; x_wconf 79' lang='lat' dir='ltr'>&#39;ET</span> <span class='ocrx_word' id='word_1_224' title='bbox 1423 2285 1615 2312; x_wconf 72' lang='lat' dir='ltr'>IMPLEXA·</span> 
     </span>
    </p>
   </div>
   <div class='ocr_carea' id='block_1_12' title="bbox 258 2339 1676 2553">
    <p class='ocr_par' dir='ltr' id='par_1_13' title="bbox 258 2339 1676 2553">
     <span class='ocr_line' id='line_1_28' title="bbox 259 2339 1675 2430; baseline -0.004 -44"><span class='ocrx_word' id='word_1_225' title='bbox 259 2339 348 2430; x_wconf 82' lang='grc' dir='ltr'><strong>Α</strong></span> <span class='ocrx_word' id='word_1_226' title='bbox 366 2345 405 2384; x_wconf 92' lang='lat' dir='ltr'>D</span> <span class='ocrx_word' id='word_1_227' title='bbox 434 2346 482 2385; x_wconf 91' lang='lat' dir='ltr'>D.</span> <span class='ocrx_word' id='word_1_228' title='bbox 500 2347 637 2387; x_wconf 81' lang='lat' dir='ltr'>eadem</span> <span class='ocrx_word' id='word_1_229' title='bbox 653 2347 804 2401; x_wconf 80' lang='lat' dir='ltr'>Tabula</span> <span class='ocrx_word' id='word_1_230' title='bbox 821 2348 924 2388; x_wconf 88' lang='lat' dir='ltr'>XIV.</span> <span class='ocrx_word' id='word_1_231' title='bbox 951 2345 1004 2387; x_wconf 87' lang='lat' dir='ltr'>est</span> <span class='ocrx_word' id='word_1_232' title='bbox 1034 2345 1206 2399; x_wconf 85' lang='lat' dir='ltr'>Spongia</span> <span class='ocrx_word' id='word_1_233' title='bbox 1221 2345 1384 2384; x_wconf 84' lang='lat' dir='ltr'>Hircina</span> <span class='ocrx_word' id='word_1_234' title='bbox 1409 2343 1514 2384; x_wconf 61' lang='lat' dir='ltr'>dicta</span> <span class='ocrx_word' id='word_1_235' title='bbox 1531 2343 1675 2384; x_wconf 82' lang='lat' dir='ltr'>coloris</span> 
     </span>
     <span class='ocr_line' id='line_1_29' title="bbox 377 2400 1673 2459; baseline 0 -18"><span class='ocrx_word' id='word_1_236' title='bbox 377 2403 546 2457; x_wconf 81' lang='lat' dir='ltr'>impense</span> <span class='ocrx_word' id='word_1_237' title='bbox 571 2405 677 2445; x_wconf 73' lang='lat' dir='ltr'>rubri</span> <span class='ocrx_word' id='word_1_238' title='bbox 694 2406 914 2459; x_wconf 85' lang='lat' dir='ltr'>Petrobryo</span> <span class='ocrx_word' id='word_1_239' title='bbox 936 2404 1078 2443; x_wconf 80' lang='lat' dir='ltr'>adnata</span> <span class='ocrx_word' id='word_1_240' title='bbox 1095 2434 1104 2447; x_wconf 90' lang='lat'><strong><em>,</em></strong></span> <span class='ocrx_word' id='word_1_241' title='bbox 1134 2417 1234 2456; x_wconf 81' lang='lat' dir='ltr'>quae</span> <span class='ocrx_word' id='word_1_242' title='bbox 1250 2400 1302 2441; x_wconf 85' lang='lat' dir='ltr'>est</span> <span class='ocrx_word' id='word_1_243' title='bbox 1318 2401 1532 2441; x_wconf 83' lang='lat' dir='ltr'>admodum</span> <span class='ocrx_word' id='word_1_244' title='bbox 1549 2400 1645 2440; x_wconf 87' lang='lat' dir='ltr'>dura</span> <span class='ocrx_word' id='word_1_245' title='bbox 1663 2426 1673 2441; x_wconf 78' lang='lat'>‚</span> 
     </span>
     <span class='ocr_line' id='line_1_30' title="bbox 258 2456 1676 2553; baseline -0.002 -54"><span class='ocrx_word' id='word_1_246' title='bbox 258 2463 301 2500; x_wconf 67' lang='grc' dir='ltr'>ἅ</span> <span class='ocrx_word' id='word_1_247' title='bbox 324 2474 423 2515; x_wconf 77' lang='lat' dir='ltr'>quae</span> <span class='ocrx_word' id='word_1_248' title='bbox 439 2459 541 2516; x_wconf 74' lang='lat' dir='ltr'>quali</span> <span class='ocrx_word' id='word_1_249' title='bbox 565 2476 612 2501; x_wconf 79' lang='lat' dir='ltr'>ex</span> <span class='ocrx_word' id='word_1_250' title='bbox 641 2472 702 2502; x_wconf 87' lang='lat' dir='ltr'>tot</span> <span class='ocrx_word' id='word_1_251' title='bbox 728 2460 883 2515; x_wconf 78' lang='lat' dir='ltr'>hispidis</span> <span class='ocrx_word' id='word_1_252' title='bbox 915 2459 1156 2501; x_wconf 73' lang='lat' dir='ltr'>craffioribus</span> <span class='ocrx_word' id='word_1_253' title='bbox 1195 2457 1282 2499; x_wconf 78' lang='lat' dir='ltr'>setis</span> <span class='ocrx_word' id='word_1_254' title='bbox 1322 2456 1430 2499; x_wconf 73' lang='lat' dir='ltr'>simul</span> <span class='ocrx_word' id='word_1_255' title='bbox 1453 2456 1676 2553; x_wconf 47' lang='lat' dir='ltr'>implciggltge</span> 
     </span>
    </p>
   </div>
  </div>
 </body>
</html>
