1814 2902
251 230 308 266 40
662 217 1324 261 DECONCHIS

246 319 322 359 que
346 304 579 360 contingere
603 299 809 345 observavi
829 313 915 345 tum
943 303 1128 358 inprima
1152 301 1217 343 illa
1234 327 1246 344 ,
1274 313 1373 355 quae
1391 298 1589 355 longiores
1619 302 1687 345 ha-

248 363 317 402 bet
340 360 471 402 radios
488 388 498 404 ‚
530 370 614 400 tum
632 361 672 400 in
689 361 805 400 tertia
820 358 956 400 latiori
972 373 1143 415 corpore
1158 388 1171 405 ,
1203 356 1267 399 sed
1283 357 1527 398 brevioribus
1562 361 1687 402 cruri.

248 419 344 458 bus·
377 418 495 458 Circa
524 415 736 457 secundam
753 414 1071 459 Cruciformem‚
1104 428 1204 471 quae
1234 413 1321 455 heic
1341 411 1410 454 sub
1423 413 1604 455 litteraB.
1622 429 1685 457 ex-

248 473 406 515 hibetur
421 501 432 517 ,
463 475 631 527 maJores
648 470 936 514 observationes
964 486 1045 513 non
1061 471 1188 514 habeo
1201 501 1213 519 ,
1244 484 1367 526 quum
1385 470 1499 524 hujus
1526 472 1688 512 unicum

252 541 412 571 tantum
444 529 673 584 exemplum
693 529 860 579 viderim
872 557 882 573 ‚
898 528 1067 585 proinde
1080 528 1242 584 aliquod
1258 528 1485 569 abortivum
1502 528 1689 574 arbitror,

249 589 292 628 ni
321 587 436 641 plura
464 584 691 639 hujusmodi
720 585 903 641 exempla
929 586 1039 627 nobis
1065 585 1249 639 deinceps
1279 593 1518 625 occurrant.
1547 582 1687 626 Stellae

249 644 410 699 quidem
424 641 690 684 Cruciformes
717 656 810 684 cum
838 643 1081 697 longioribus
1107 641 1284 682 cruribus
1309 655 1331 680 a
1356 641 1511 681 nemine
1549 638 1688 681 descri-

249 702 397 742 buntur
415 714 425 744 ;
442 698 722 740 Describuntur
737 713 835 741 vero
856 698 958 741 latae
974 727 984 742 ‚
1017 698 1258 751 falcataeque
1275 724 1285 740 ‚
1313 696 1358 737 &
1373 697 1574 737 coriaceae
1590 697 1687 738 stel-

251 758 311 798 lae
326 787 338 804 ‚
364 770 458 810 quas
474 755 718 797 Tetradtidas
742 765 891 796 vocant
905 786 916 802 ‚
939 758 1127 810 quoniam
1143 753 1341 795 interdurn
1357 753 1569 807 quadratae
1585 751 1686 796 sunt,

251 826 298 854 ut
331 814 463 854 videre
493 811 546 852 est
575 811 682 867 apud
711 813 925 854 Linckium
943 812 1040 853 Tab.
1071 811 1212 855 XXXI.
1237 810 1280 849 ὃς
1307 810 1510 851 XXXIIII.
1535 809 1606 854 Sed
1622 809 1688 850 ha·-

251 885 341 912 rum
356 869 632 910 Tetracstidux'n
663 868 871 910 Stellarum
897 870 1080 924 exempla
1109 867 1214 922 apud
1243 880 1313 908 nos
1338 879 1418 907 non
1447 865 1657 922 suppetunt
1675 893 1684 902 .

250 928 301 968 In
331 926 466 967 littore
483 927 697 968 Ravennae
727 936 860 967 tamen
874 927 1090 967 Coriaceae
1120 923 1258 964 Stellae
1282 922 1531 977 Pentagonae
1555 921 1686 963 &Te-

253 983 440 1025 traetides
471 983 651 1023 coccinei
676 981 818 1024 coloris
833 983 1101 1039 reperiuntur,
1129 992 1296 1036 quarum
1314 979 1494 1034 exempla
1525 990 1601 1032 pro
1622 975 1687 1022 sua,

252 1040 499 1086 humanitate
523 1038 574 1081 ad
593 1052 658 1083 me
689 1037 792 1082 misit
813 1039 886 1081 vir
904 1036 1159 1081 nobilissimus
1189 1034 1377 1093 Josephus
1394 1036 1600 1080 zinannius
1617 1062 1628 1076 ψ

1560 2511 1697 2554 PARS
