1814 2902
206 249 256 287 92
513 236 984 280 APPENDIX
1042 239 1356 283 PRIMA.

205 320 489 361 exundantium
505 330 684 377 tempore
712 337 942 379 magnarum
959 326 1183 368 Pluviarum
1199 357 1210 373 ,
1240 327 1284 366 &
1307 327 1472 368 Nivium
1491 327 1672 383 liquatio-

204 389 328 422 num,
359 391 449 419 eum
479 378 656 420 dixerint
688 379 759 421 effe
791 393 946 436 partem
976 384 1045 425 vix
1073 380 1321 425 centesimam
1351 381 1666 439 septuagesimam

204 435 409 487 quintam.
442 436 500 475 Ex
534 435 696 489 ingreffu
719 437 831 482 limi,
859 453 997 480 arenae
1014 467 1024 482 ‚
1053 439 1234 495 glareae,
1265 440 1506 495 aliarumque
1535 455 1667 482 rerum

203 491 335 531 oritur
362 491 534 532 elevatio
559 493 660 534 alvei
677 495 816 534 marini
833 522 843 538 ‚
873 497 1110 536 &omnium
1134 496 1314 537 locorum
1347 497 1397 537 ad
1423 511 1530 538 mare
1562 497 1674 550 adJ'a·

204 548 404 592 centium;
438 550 484 588 Et
511 548 606 588 haec
631 549 798 591 elevatio
825 549 878 592 est
904 554 1013 592 unius
1038 553 1146 606 pedis
1178 551 1384 608 parisiensis
1402 581 1412 596 ‚
1445 552 1505 593 [eu
1538 554 1669 595 veneti

203 602 359 657 singulis
378 605 595 645 tricenariis
612 634 623 651 ,
654 607 762 660 quod
778 607 928 649 ostendi
944 608 1072 662 potest
1093 622 1142 649 ex
1159 610 1274 651 variis
1300 609 1638 651 observationibus
1654 637 1667 653 ,

203 659 269 701 sed
290 659 522 714 praesertim
553 675 601 702 ex
617 662 857 716 pilis'Pontis
888 664 1007 705 nostri
1023 667 1171 720 egregii
1188 666 1238 706 ab
1253 665 1432 721 Augusto
1451 694 1461 709 ‚
1492 667 1535 706 ὅ(
1548 667 1670 707 Tibe·

201 718 263 758 rio
290 716 474 759 exstructi
492 750 499 758 .
531 719 638 759 Pilae
652 720 755 760 enim
772 721 907 762 Pontis
934 721 1046 775 hujus
1063 723 1208 775 egregii
1225 721 1287 763 sex
1318 723 1379 763 vel
1395 721 1542 778 septem
1558 724 1670 777 pedi-

201 775 272 815 bus
288 775 329 814 in
343 776 477 817 Arena
493 804 505 820 ‚
536 775 736 817 &Glarea
765 776 934 833 sepultae
950 806 960 821 ‚
989 777 1249 820 &immersae
1273 781 1433 831 jacent,
1461 782 1504 821 &
1530 781 1569 820 in
1585 780 1668 821 dies

200 829 442 886 sepeliuntur
458 861 469 877 ‚
499 833 543 873 ὃ(
558 835 659 874 Pons
689 833 756 875 iste
772 836 878 875 circa
909 836 1065 875 initium
1091 837 1215 876 Aerae
1239 836 1481 877 Christianae
1496 867 1506 882 ‚
1535 848 1581 877 ut
1598 852 1669 878 vo-

199 900 296 929 cant
315 920 326 935 ,
359 889 432 930 fuit
455 890 638 931 conditus
657 923 664 931 .
698 892 832 944 Qiare
849 890 873 932 fi
898 893 998 932 Pons
1007 890 1082 931 ‘iste
1096 894 1270 946 egregius
1297 892 1346 932 ad
1370 893 1522 946 aliquot
1537 892 1668 934 saecu-

198 946 238 985 la
254 946 412 987 durabit
423 975 433 990 ‚
453 948 590 988 inutile
607 950 723 1002 plane
739 950 815 989 erit
831 980 839 988 .
871 951 1010 1003 Aquae
1025 949 1128 988 enim
1147 947 1314 989 fluminis
1331 948 1450 988 nostri
1465 963 1536 1003 per
1550 963 1664 991 arcus

197 1004 278 1055 ejus
310 1017 391 1043 non
420 1004 588 1059 amplius
619 1018 820 1058 permeare
848 1016 1041 1060 poterunt
1061 1033 1071 1049 ‚
1104 1020 1225 1060 quare
1256 1007 1357 1046 Pons
1392 1006 1540 1046 inutilis
1571 1018 1666 1046 tunc

198 1061 274 1100 erit
291 1088 301 1103 ‚
334 1062 401 1114 qui
417 1074 485 1101 aut
502 1061 772 1103 demoliendus
790 1072 884 1103 tunc
901 1064 976 1104 erit
992 1091 1004 1106 ‚
1032 1061 1094 1103 vel
1111 1062 1250 1117 Aquae
1274 1062 1457 1103 Fluminis
1474 1063 1553 1104 alio
1567 1063 1670 1103 deri-

197 1117 349 1158 vandae
367 1130 483 1158 erunt
500 1146 510 1161 ‚
541 1120 585 1159 ὃς
606 1119 899 1173 detorquendae
916 1151 924 1159 .

257 1173 318 1214 LI.
350 1175 436 1229 Pag.
454 1190 519 1223 70.
550 1176 679 1216 Lineis
710 1178 816 1217 circa
844 1175 962 1217 finem
980 1206 990 1221 ‚
1020 1180 1064 1219 &
1098 1179 1240 1234 pagina
1268 1176 1444 1233 sequenti
1481 1176 1667 1218 habemus

197 1231 336 1272 Virum
368 1229 631 1273 Clarissimum
648 1263 659 1279 ,
691 1234 735 1272 δε
764 1234 937 1275 amicum
963 1233 1140 1275 nostrum
1165 1236 1259 1275 dum
1283 1237 1435 1274 viveret
1465 1234 1667 1274 Andream

199 1285 367 1328 Celfium
384 1290 570 1329 miratum
584 1289 689 1330 fuisse
713 1289 762 1330 de
778 1289 1000 1331 elevatione
1018 1290 1126 1331 fundi
1142 1290 1261 1331 nostri
1276 1292 1390 1331 maris
1407 1319 1418 1334 ‚
1451 1292 1495 1331 ὃς
1510 1290 1559 1330 de
1574 1304 1667 1344 aug-

195 1355 333 1385 mento
357 1345 574 1386 Terrarum
597 1346 646 1387 ad
675 1346 805 1386 Littus
836 1348 951 1387 maris
968 1377 978 1392 ,
1009 1349 1052 1388 &
1080 1347 1122 1387 id
1138 1346 1378 1401 opinabatur
1405 1360 1486 1387 non
1511 1346 1666 1386 evenire

194 1403 236 1442 in
266 1401 420 1443 Baltico
448 1400 514 1443 suo
532 1431 540 1439 -
574 1405 722 1444 Verum
747 1402 914 1444 Carolus
945 1404 1134 1444 Linnaeus
1149 1404 1356 1457 Popularis
1373 1403 1457 1444 suus
1475 1433 1485 1448 ‚
1516 1403 1560 1443 ἃ
1588 1404 1669 1443 exi-

195 1460 294 1499 mius
318 1460 556 1506 Botanicus‚
595 1461 638 1500 &
663 1460 814 1501 Rerum
846 1461 1084 1502 naturalium
1117 1463 1319 1502 Scrutator
1351 1455 1667 1515 diligentissimus

195 1514 420 1556 observavit
444 1517 487 1556 ἃ
502 1515 582 1571 ipse
598 1518 638 1556 in
656 1517 807 1556 Baltico
824 1519 960 1558 eadem
977 1517 1071 1558 haec
1089 1517 1267 1557 accidere
1282 1546 1294 1562 ‚
1323 1531 1421 1571 quae
1445 1519 1484 1557 in
1501 1516 1666 1557 Hadria·

194 1572 280 1613 tico
310 1573 497 1613 accidunt
514 1603 523 1618 ,
551 1571 700 1614 scilicet
731 1574 884 1615 alveum
901 1574 1070 1617 elevari,
1104 1576 1146 1615 &
1167 1587 1286 1627 aquas
1317 1571 1573 1614 indesinenter
1599 1572 1668 1613 de-

195 1627 392 1674 crescere,
424 1640 468 1669 ut
491 1631 703 1671 Terrarum
732 1630 956 1684 amplitudo
982 1632 1020 1670 in
1050 1631 1129 1670 dies
1159 1627 1230 1669 fiat
1246 1631 1399 1681 major,
1431 1641 1476 1669 ut
1504 1630 1666 1670 tandem

188 1688 426 1742 'contingere
461 1685 582 1740 poffit
611 1688 833 1727 stoicorum
864 1688 982 1728 Orbis
1014 1687 1209 1740 terraquei
1237 1683 1522 1740 conflagratio;
1551 1687 1593 1725 &
1623 1685 1666 1726 id

195 1745 426 1800 contingere
458 1743 587 1798 potest
610 1745 726 1786 variis
743 1745 959 1784 rationibus
977 1772 987 1788 ‚
1013 1744 1054 1783 ὃ(
1072 1745 1204 1799 primo
1221 1772 1231 1789 ‚
1259 1744 1369 1797 quod
1399 1744 1506 1784 nives
1524 1743 1572 1783 ad
1591 1743 1667 1783 Po-

195 1800 251 1841 }os
284 1799 435 1856 semper
466 1800 648 1842 crescant
674 1829 684 1844 ‚
715 1802 759 1840 &
789 1815 1002 1855 numquam
1033 1801 1198 1839 omnino
1229 1798 1467 1853 liquescant:
1497 1799 1666 1841 secundo

195 1857 304 1912 quod
321 1861 438 1913 Aqua
458 1889 468 1904 ,
499 1872 597 1911 quae
614 1859 663 1897 ad
680 1856 1006 1912 compositionem
1024 1855 1276 1896 Metallorum
1295 1884 1305 1899 ‚
1336 1857 1532 1912 Lapidum
1546 1883 1557 1899 ‚
1588 1855 1664 1898 Te-

193 1914 439 1958 staceorum,
476 1915 519 1953 &
550 1910 701 1953 Offium
732 1912 980 1955 Animalium
1008 1912 1061 1952 est
1094 1911 1300 1953 necessaria
1325 1943 1336 1959 ‚
1375 1926 1590 1967 numquam
1623 1914 1664 1951 in

197 1985 341 2025 aquam
368 1972 511 2011 iterum
529 1969 745 2011 resolvatur
761 2000 771 2016 ,
786 1984 907 2024 quum
923 1970 1087 2024 Lapides
1104 1970 1148 2008 &
1164 1968 1300 2010 Testae
1316 1998 1327 2015 ,
1357 1968 1524 2024 Offaque
1545 1967 1668 2009 duris-

194 2025 287 2068 fima
317 2028 563 2069 Animalium
591 2025 738 2083 semper
769 2027 863 2067 talia
890 2038 1145 2071 remaneant,
1174 2038 1220 2066 ut
1249 2040 1301 2067 ex
1331 2028 1377 2066 iis
1407 2024 1663 2082 praesertim,

196 2098 296 2138 quae
328 2082 467 2125 foffilia
496 2082 606 2128 sunt,
635 2086 678 2125 &
707 2084 1026 2127 antediluviana,
1059 2081 1121 2123 seu
1143 2083 1344 2125 diluviana
1373 2083 1496 2138 vulgo
1526 2084 1664 2124 dicun-

196 2152 262 2182 tur
277 2169 287 2184 ‚
320 2154 489 2198 apparet
505 2169 512 2178 .
543 2143 813 2197 Reperiuntur
829 2141 931 2181 enirn
958 2142 997 2180 in
1013 2140 1216 2183 Montibus
1244 2138 1383 2180 fossiles
1399 2141 1573 2181 marinae
1589 2139 1666 2180 Te-

195 2197 273 2238 stae
289 2213 423 2240 omnes
441 2229 451 2245 ,
480 2200 524 2239 &
541 2198 715 2240 Corallia
730 2228 741 2244 ,
755 2200 798 2239 &
814 2196 903 2238 Offa
919 2197 1045 2238 multa
1059 2196 1304 2238 Animalium
1318 2196 1574 2238 Terrestrium
1590 2225 1600 2239 ,
1616 2198 1661 2236 ὃς

196 2255 439 2296 Marinorum
457 2284 468 2300 ‚
498 2257 542 2296 ὅ(
571 2253 801 2310 praesertim
815 2256 960 2295 Dentes
977 2284 988 2299 ,
1018 2265 1064 2294 ut
1086 2251 1174 2294 sunt
1190 2252 1249 2293 illi
1262 2254 1488 2294 Lamiarum
1508 2252 1659 2294 Gloffo-

196 2323 332 2368 petrae
354 2313 452 2354 dicti
469 2341 480 2357 ‚
511 2314 555 2353 δε
577 2312 834 2368 Elephantum
849 2313 995 2352 Dentes
1011 2312 1114 2352 Ebur
1138 2308 1260 2352 foffile
1279 2313 1498 2366 nuncupati
1516 2339 1524 2347 .

257 2368 338 2409 LII.
371 2370 457 2425 Pag.
475 2384 535 2418 72.
552 2371 576 2410 l.
595 2383 644 2419 14.
675 2371 835 2410 Moenia
851 2370 1130 2409 Romanorum
1144 2369 1287 2409 vocavi
1318 2367 1385 2408 illa
1402 2397 1412 2412 ‚
1446 2382 1545 2423 quae
1562 2365 1662 2407 latis-

198 2424 291 2467 sima
307 2454 318 2470 ‚
347 2427 390 2466 ὃς
407 2425 615 2468 fortissima
632 2426 719 2467 sunt
732 2459 743 2474 ‚
774 2424 1002 2481 praesertim
1019 2426 1067 2466 ad
1083 2440 1170 2467 eam
1184 2427 1303 2467 Vrbis
1328 2424 1477 2467 nostrae
1494 2435 1661 2480 partem,

199 2494 298 2541 quae
318 2498 423 2524 mare
439 2483 596 2539 respicit
612 2512 623 2529 ‚
656 2496 699 2525 ut
728 2485 790 2526 vel
806 2484 855 2524 ab
871 2481 1048 2538 Augusto
1078 2481 1160 2538 ipso
1189 2483 1354 2524 condita
1369 2482 1476 2523 fuiffe
1493 2482 1667 2522 diceren-

1576 2549 1636 2577 tui·
1653 2564 1662 2579 ,
