<?xml version="1.0" encoding="UTF-8"?>
<!DOCTYPE html PUBLIC "-//W3C//DTD XHTML 1.0 Transitional//EN"
    "http://www.w3.org/TR/xhtml1/DTD/xhtml1-transitional.dtd">
<html xmlns="http://www.w3.org/1999/xhtml" xml:lang="en" lang="en">
 <head>
  <title>
</title>
<meta http-equiv="Content-Type" content="text/html;charset=utf-8" />
  <meta name='ocr-system' content='tesseract 3.04.00' />
  <meta name='ocr-capabilities' content='ocr_page ocr_carea ocr_par ocr_line ocrx_word'/>
</head>
<body>
  <div class='ocr_page' id='page_1' title='image "./janiplanciarimin00bian_0061.png"; bbox 0 0 1814 2902; ppageno 0'>
   <div class='ocr_carea' id='block_1_1' title="bbox 399 193 1594 339">
    <p class='ocr_par' dir='ltr' id='par_1_1' title="bbox 399 193 1594 339">
     <span class='ocr_line' id='line_1_1' title="bbox 399 193 1594 250; baseline 0.002 -14"><span class='ocrx_word' id='word_1_1' title='bbox 399 193 1296 238; x_wconf 80' lang='lat' dir='ltr'><strong>&#39;AEsTVsMARITIMI</strong></span> <span class='ocrx_word' id='word_1_2' title='bbox 1545 209 1594 250; x_wconf 69' lang='lat'>53</span> 
     </span>
     <span class='ocr_line' id='line_1_2' title="bbox 578 274 1169 339; baseline -0.003 0"><span class='ocrx_word' id='word_1_3' title='bbox 578 274 1169 339; x_wconf 57' lang='lat' dir='ltr'><em>SCHOLIVM}</em></span> 
     </span>
    </p>
   </div>
   <div class='ocr_carea' id='block_1_2' title="bbox 139 399 1591 679">
    <p class='ocr_par' dir='ltr' id='par_1_2' title="bbox 265 399 1588 459">
     <span class='ocr_line' id='line_1_3' title="bbox 265 399 1588 459; baseline -0.001 -12"><span class='ocrx_word' id='word_1_4' title='bbox 265 405 342 448; x_wconf 82' lang='lat' dir='ltr'>vic</span> <span class='ocrx_word' id='word_1_5' title='bbox 369 404 509 447; x_wconf 87' lang='lat' dir='ltr'>itidem</span> <span class='ocrx_word' id='word_1_6' title='bbox 537 402 805 459; x_wconf 80' lang='lat' dir='ltr'>propositioni</span> <span class='ocrx_word' id='word_1_7' title='bbox 822 400 878 441; x_wconf 88' lang='lat' dir='ltr'>nil</span> <span class='ocrx_word' id='word_1_8' title='bbox 894 399 974 443; x_wconf 87' lang='lat' dir='ltr'>fere</span> <span class='ocrx_word' id='word_1_9' title='bbox 990 401 1218 443; x_wconf 83' lang='lat' dir='ltr'>addendum</span> <span class='ocrx_word' id='word_1_10' title='bbox 1242 403 1430 445; x_wconf 77' lang='lat' dir='ltr'>habemus</span> <span class='ocrx_word' id='word_1_11' title='bbox 1448 431 1457 441; x_wconf 86' lang='grc'><strong>.</strong></span> <span class='ocrx_word' id='word_1_12' title='bbox 1476 405 1588 446; x_wconf 79' lang='lat' dir='ltr'>Dici-</span> 
     </span>
    </p>

    <p class='ocr_par' dir='ltr' id='par_1_3' title="bbox 139 458 1591 679">
     <span class='ocr_line' id='line_1_4' title="bbox 278 458 1588 516; baseline -0.001 -13"><span class='ocrx_word' id='word_1_13' title='bbox 278 477 362 503; x_wconf 87' lang='lat' dir='ltr'>mus</span> <span class='ocrx_word' id='word_1_14' title='bbox 394 473 549 503; x_wconf 85' lang='lat' dir='ltr'>tantum</span> <span class='ocrx_word' id='word_1_15' title='bbox 577 475 650 516; x_wconf 85' lang='lat' dir='ltr'>per</span> <span class='ocrx_word' id='word_1_16' title='bbox 676 458 963 502; x_wconf 84' lang='lat' dir='ltr'>observationes</span> <span class='ocrx_word' id='word_1_17' title='bbox 995 459 1308 515; x_wconf 79' lang='lat' dir='ltr'>quamplurimas</span> <span class='ocrx_word' id='word_1_18' title='bbox 1339 462 1588 514; x_wconf 84' lang='lat' dir='ltr'>cognoviffe,</span> 
     </span>
     <span class='ocr_line' id='line_1_5' title="bbox 145 514 1590 574; baseline -0.003 -9"><span class='ocrx_word' id='word_1_19' title='bbox 145 525 262 565; x_wconf 77' lang='lat' dir='ltr'>tertia</span> <span class='ocrx_word' id='word_1_20' title='bbox 291 521 355 560; x_wconf 91' lang='lat' dir='ltr'>die</span> <span class='ocrx_word' id='word_1_21' title='bbox 385 518 473 574; x_wconf 91' lang='lat' dir='ltr'>post</span> <span class='ocrx_word' id='word_1_22' title='bbox 500 519 749 561; x_wconf 82' lang='lat' dir='ltr'>novilunium</span> <span class='ocrx_word' id='word_1_23' title='bbox 773 544 783 559; x_wconf 86' lang='lat'>‚</span> <span class='ocrx_word' id='word_1_24' title='bbox 813 518 853 557; x_wconf 86' lang='lat'>&amp;</span> <span class='ocrx_word' id='word_1_25' title='bbox 881 514 970 570; x_wconf 92' lang='lat' dir='ltr'>post</span> <span class='ocrx_word' id='word_1_26' title='bbox 1000 515 1261 572; x_wconf 84' lang='lat' dir='ltr'><strong>plenilunium</strong></span> <span class='ocrx_word' id='word_1_27' title='bbox 1293 515 1442 573; x_wconf 87' lang='lat' dir='ltr'><strong>semper</strong></span> <span class='ocrx_word' id='word_1_28' title='bbox 1471 519 1590 560; x_wconf 88' lang='lat' dir='ltr'>aestus</span> 
     </span>
     <span class='ocr_line' id='line_1_6' title="bbox 140 573 1591 634; baseline 0.001 -18"><span class='ocrx_word' id='word_1_29' title='bbox 140 584 311 634; x_wconf 79' lang='lat' dir='ltr'>majores</span> <span class='ocrx_word' id='word_1_30' title='bbox 337 575 471 625; x_wconf 72' lang='lat' dir='ltr'>fuisse,</span> <span class='ocrx_word' id='word_1_31' title='bbox 499 577 543 617; x_wconf 74' lang='grc' dir='ltr'>ὃ(</span> <span class='ocrx_word' id='word_1_32' title='bbox 570 576 693 632; x_wconf 83' lang='lat' dir='ltr'>dupla</span> <span class='ocrx_word' id='word_1_33' title='bbox 719 574 825 619; x_wconf 89' lang='lat' dir='ltr'>fere,</span> <span class='ocrx_word' id='word_1_34' title='bbox 856 584 902 615; x_wconf 90' lang='lat' dir='ltr'>ut</span> <span class='ocrx_word' id='word_1_35' title='bbox 932 573 1104 615; x_wconf 85' lang='lat' dir='ltr'>diximus</span> <span class='ocrx_word' id='word_1_36' title='bbox 1122 605 1133 620; x_wconf 94' lang='lat'>,</span> <span class='ocrx_word' id='word_1_37' title='bbox 1163 576 1318 617; x_wconf 84' lang='lat' dir='ltr'>ratione</span> <span class='ocrx_word' id='word_1_38' title='bbox 1334 603 1345 620; x_wconf 88' lang='lat'>‚</span> <span class='ocrx_word' id='word_1_39' title='bbox 1377 576 1480 616; x_wconf 79' lang='lat' dir='ltr'>acin</span> <span class='ocrx_word' id='word_1_40' title='bbox 1497 590 1591 631; x_wconf 79' lang='lat' dir='ltr'>qua-</span> 
     </span>
     <span class='ocr_line' id='line_1_7' title="bbox 139 637 538 679; baseline -0.008 0"><span class='ocrx_word' id='word_1_41' title='bbox 139 637 310 679; x_wconf 85' lang='lat' dir='ltr'>draturis</span> <span class='ocrx_word' id='word_1_42' title='bbox 328 662 337 671; x_wconf 87' lang='lat'>-</span> <span class='ocrx_word' id='word_1_43' title='bbox 534 650 538 653; x_wconf 64' lang='grc'>’</span> 
     </span>
    </p>
   </div>
   <div class='ocr_carea' id='block_1_3' title="bbox 519 730 1228 775">
    <p class='ocr_par' dir='ltr' id='par_1_4' title="bbox 519 730 1228 775">
     <span class='ocr_line' id='line_1_8' title="bbox 519 730 1228 775; baseline 0 -2"><span class='ocrx_word' id='word_1_44' title='bbox 519 730 1063 775; x_wconf 87' lang='lat' dir='ltr'><em>PROPOSITIO</em></span> <span class='ocrx_word' id='word_1_45' title='bbox 1120 731 1228 773; x_wconf 85' lang='lat'><em>111.</em></span> 
     </span>
    </p>
   </div>
   <div class='ocr_carea' id='block_1_4' title="bbox 138 841 1588 1157">
    <p class='ocr_par' dir='ltr' id='par_1_5' title="bbox 138 841 1588 1157">
     <span class='ocr_line' id='line_1_9' title="bbox 138 841 1588 911; baseline -0.002 -15"><span class='ocrx_word' id='word_1_46' title='bbox 138 846 246 897; x_wconf 86' lang='lat' dir='ltr'>Dies</span> <span class='ocrx_word' id='word_1_47' title='bbox 283 846 372 911; x_wconf 88' lang='lat' dir='ltr'>ipse</span> <span class='ocrx_word' id='word_1_48' title='bbox 412 842 688 894; x_wconf 83' lang='lat' dir='ltr'>solstitiorum</span> <span class='ocrx_word' id='word_1_49' title='bbox 721 872 737 896; x_wconf 81' lang='lat'>‚</span> <span class='ocrx_word' id='word_1_50' title='bbox 789 841 854 891; x_wconf 92' lang='lat' dir='ltr'>vel</span> <span class='ocrx_word' id='word_1_51' title='bbox 906 844 1276 908; x_wconf 62' lang='lat' dir='ltr'>aequinoctiorum</span> <span class='ocrx_word' id='word_1_52' title='bbox 1314 843 1373 892; x_wconf 89' lang='lat' dir='ltr'>nil</span> <span class='ocrx_word' id='word_1_53' title='bbox 1418 843 1588 893; x_wconf 86' lang='lat' dir='ltr'>confert</span> 
     </span>
     <span class='ocr_line' id='line_1_10' title="bbox 208 923 1588 988; baseline -0.002 -10"><span class='ocrx_word' id='word_1_54' title='bbox 208 927 264 977; x_wconf 84' lang='lat' dir='ltr'>ad</span> <span class='ocrx_word' id='word_1_55' title='bbox 297 929 506 988; x_wconf 85' lang='lat' dir='ltr'>majorem</span> <span class='ocrx_word' id='word_1_56' title='bbox 538 923 908 973; x_wconf 83' lang='lat' dir='ltr'>intumescentiam</span> <span class='ocrx_word' id='word_1_57' title='bbox 927 954 942 979; x_wconf 82' lang='lat'>,</span> <span class='ocrx_word' id='word_1_58' title='bbox 978 924 1045 972; x_wconf 87' lang='lat' dir='ltr'>vel</span> <span class='ocrx_word' id='word_1_59' title='bbox 1063 923 1448 975; x_wconf 83' lang='lat' dir='ltr'>detumescentiam</span> <span class='ocrx_word' id='word_1_60' title='bbox 1491 944 1588 975; x_wconf 82' lang='lat' dir='ltr'>rna-</span> 
     </span>
     <span class='ocr_line' id='line_1_11' title="bbox 206 1000 1581 1074; baseline 0 -18"><span class='ocrx_word' id='word_1_61' title='bbox 206 1011 263 1059; x_wconf 87' lang='lat' dir='ltr'>ris</span> <span class='ocrx_word' id='word_1_62' title='bbox 291 1040 305 1064; x_wconf 88' lang='grc'>,</span> <span class='ocrx_word' id='word_1_63' title='bbox 340 1010 412 1057; x_wconf 85' lang='lat' dir='ltr'>sed</span> <span class='ocrx_word' id='word_1_64' title='bbox 446 1026 495 1056; x_wconf 85' lang='lat' dir='ltr'>ea</span> <span class='ocrx_word' id='word_1_65' title='bbox 525 1005 648 1064; x_wconf 84' lang='lat' dir='ltr'>luna,</span> <span class='ocrx_word' id='word_1_66' title='bbox 686 1024 796 1071; x_wconf 85' lang='lat' dir='ltr'>quae</span> <span class='ocrx_word' id='word_1_67' title='bbox 827 1004 1002 1055; x_wconf 81' lang='lat' dir='ltr'>solstitia</span> <span class='ocrx_word' id='word_1_68' title='bbox 1029 1035 1044 1061; x_wconf 70' lang='lat'><em>2</em></span> <span class='ocrx_word' id='word_1_69' title='bbox 1079 1004 1143 1056; x_wconf 90' lang='lat' dir='ltr'>vel</span> <span class='ocrx_word' id='word_1_70' title='bbox 1181 1000 1451 1073; x_wconf 64' lang='lat' dir='ltr'>aequinoctia</span> <span class='ocrx_word' id='word_1_71' title='bbox 1485 1025 1581 1074; x_wconf 90' lang='lat' dir='ltr'>pro-</span> 
     </span>
     <span class='ocr_line' id='line_1_12' title="bbox 206 1088 1574 1157; baseline 0.001 -18"><span class='ocrx_word' id='word_1_72' title='bbox 206 1093 322 1140; x_wconf 84' lang='lat' dir='ltr'><strong>xime</strong></span> <span class='ocrx_word' id='word_1_73' title='bbox 349 1092 569 1156; x_wconf 80' lang='lat' dir='ltr'>sequitur,</span> <span class='ocrx_word' id='word_1_74' title='bbox 605 1090 702 1155; x_wconf 88' lang='lat' dir='ltr'>plus</span> <span class='ocrx_word' id='word_1_75' title='bbox 736 1107 854 1137; x_wconf 88' lang='lat' dir='ltr'>mare</span> <span class='ocrx_word' id='word_1_76' title='bbox 887 1088 1079 1138; x_wconf 81' lang='lat' dir='ltr'>elevatur</span> <span class='ocrx_word' id='word_1_77' title='bbox 1110 1109 1125 1145; x_wconf 68' lang='lat'>5</span> <span class='ocrx_word' id='word_1_78' title='bbox 1158 1091 1203 1136; x_wconf 86' lang='lat'>&amp;</span> <span class='ocrx_word' id='word_1_79' title='bbox 1231 1090 1329 1157; x_wconf 88' lang='lat' dir='ltr'>plus</span> <span class='ocrx_word' id='word_1_80' title='bbox 1368 1091 1574 1157; x_wconf 83' lang='lat' dir='ltr'><strong>deprimi-</strong></span> 
     </span>
    </p>
   </div>
   <div class='ocr_carea' id='block_1_5' title="bbox 197 1169 1589 1283">
    <p class='ocr_par' dir='ltr' id='par_1_6' title="bbox 197 1169 1589 1283">
     <span class='ocr_line' id='line_1_13' title="bbox 210 1169 1129 1238; baseline 0.001 -17"><span class='ocrx_word' id='word_1_81' title='bbox 210 1188 311 1230; x_wconf 86' lang='lat' dir='ltr'>tur,</span> <span class='ocrx_word' id='word_1_82' title='bbox 349 1191 485 1238; x_wconf 84' lang='lat' dir='ltr'>quam</span> <span class='ocrx_word' id='word_1_83' title='bbox 517 1175 563 1224; x_wconf 87' lang='lat' dir='ltr'>in</span> <span class='ocrx_word' id='word_1_84' title='bbox 591 1172 764 1237; x_wconf 86' lang='lat' dir='ltr'>reliquis</span> <span class='ocrx_word' id='word_1_85' title='bbox 809 1169 1129 1222; x_wconf 81' lang='lat' dir='ltr'>lunationibus.</span> 
     </span>
     <span class='ocr_line' id='line_1_14' title="bbox 197 1248 1589 1283; baseline 0.006 -30"><span class='ocrx_word' id='word_1_86' title='bbox 197 1251 199 1253; x_wconf 84' lang='lat'>.</span> <span class='ocrx_word' id='word_1_87' title='bbox 1504 1248 1512 1279; x_wconf 43' lang='grc' dir='ltr'><em>ι</em></span> <span class='ocrx_word' id='word_1_88' title='bbox 1557 1255 1589 1283; x_wconf 37' lang='lat'>5.</span> 
     </span>
    </p>
   </div>
   <div class='ocr_carea' id='block_1_6' title="bbox 562 1313 1164 1355">
    <p class='ocr_par' dir='ltr' id='par_1_7' title="bbox 562 1313 1164 1355">
     <span class='ocr_line' id='line_1_15' title="bbox 562 1313 1164 1355; baseline -0.007 0"><span class='ocrx_word' id='word_1_89' title='bbox 562 1313 1164 1355; x_wconf 85' lang='lat' dir='ltr'><em>SCHOLIVM.</em></span> 
     </span>
    </p>
   </div>
   <div class='ocr_carea' id='block_1_7' title="bbox 128 1423 1586 2557">
    <p class='ocr_par' dir='ltr' id='par_1_8' title="bbox 128 1423 1586 2514">
     <span class='ocr_line' id='line_1_16' title="bbox 128 1423 1586 1520; baseline 0.001 -50"><span class='ocrx_word' id='word_1_90' title='bbox 128 1429 303 1520; x_wconf 89' lang='lat' dir='ltr'>NIL</span> <span class='ocrx_word' id='word_1_91' title='bbox 334 1427 463 1485; x_wconf 87' lang='lat' dir='ltr'>ipsum</span> <span class='ocrx_word' id='word_1_92' title='bbox 492 1429 834 1485; x_wconf 68' lang='lat' dir='ltr'>aequinoctiorum</span> <span class='ocrx_word' id='word_1_93' title='bbox 859 1460 870 1475; x_wconf 95' lang='lat'><strong><em>,</em></strong></span> <span class='ocrx_word' id='word_1_94' title='bbox 902 1429 966 1470; x_wconf 83' lang='lat' dir='ltr'>vel</span> <span class='ocrx_word' id='word_1_95' title='bbox 995 1423 1251 1472; x_wconf 78' lang='lat' dir='ltr'>solstitiorum</span> <span class='ocrx_word' id='word_1_96' title='bbox 1283 1427 1388 1470; x_wconf 83' lang='lat' dir='ltr'>diem</span> <span class='ocrx_word' id='word_1_97' title='bbox 1418 1430 1470 1472; x_wconf 74' lang='lat' dir='ltr'>ad</span> <span class='ocrx_word' id='word_1_98' title='bbox 1502 1443 1586 1472; x_wconf 48' lang='lat' dir='ltr'>ma‘</span> 
     </span>
     <span class='ocr_line' id='line_1_17' title="bbox 258 1486 1584 1541; baseline 0.002 -15"><span class='ocrx_word' id='word_1_99' title='bbox 258 1489 309 1534; x_wconf 79' lang='lat' dir='ltr'>ris</span> <span class='ocrx_word' id='word_1_100' title='bbox 347 1486 490 1527; x_wconf 84' lang='lat' dir='ltr'>aestum</span> <span class='ocrx_word' id='word_1_101' title='bbox 529 1486 708 1528; x_wconf 89' lang='lat' dir='ltr'>conferre</span> <span class='ocrx_word' id='word_1_102' title='bbox 748 1486 895 1539; x_wconf 88' lang='lat' dir='ltr'>pluries</span> <span class='ocrx_word' id='word_1_103' title='bbox 933 1487 1230 1541; x_wconf 78' lang='lat' dir='ltr'>exploravimus</span> <span class='ocrx_word' id='word_1_104' title='bbox 1272 1514 1280 1523; x_wconf 89' lang='lat'>-</span> <span class='ocrx_word' id='word_1_105' title='bbox 1322 1488 1438 1528; x_wconf 84' lang='lat' dir='ltr'>Tunc</span> <span class='ocrx_word' id='word_1_106' title='bbox 1477 1491 1584 1529; x_wconf 88' lang='lat' dir='ltr'>enim</span> 
     </span>
     <span class='ocr_line' id='line_1_18' title="bbox 130 1541 1583 1599; baseline 0.003 -16"><span class='ocrx_word' id='word_1_107' title='bbox 130 1561 238 1588; x_wconf 70' lang='lat' dir='ltr'>mare</span> <span class='ocrx_word' id='word_1_108' title='bbox 268 1544 369 1597; x_wconf 87' lang='lat' dir='ltr'>leges</span> <span class='ocrx_word' id='word_1_109' title='bbox 405 1543 617 1584; x_wconf 86' lang='lat' dir='ltr'>lunationis</span> <span class='ocrx_word' id='word_1_110' title='bbox 657 1541 867 1598; x_wconf 81' lang='lat' dir='ltr'>praesentis</span> <span class='ocrx_word' id='word_1_111' title='bbox 907 1556 1094 1584; x_wconf 81' lang='lat' dir='ltr'>accurate</span> <span class='ocrx_word' id='word_1_112' title='bbox 1134 1543 1306 1599; x_wconf 86' lang='lat' dir='ltr'>sequitur</span> <span class='ocrx_word' id='word_1_113' title='bbox 1341 1571 1349 1580; x_wconf 90' lang='lat'><strong>.</strong></span> <span class='ocrx_word' id='word_1_114' title='bbox 1389 1545 1526 1598; x_wconf 67' lang='lat' dir='ltr'>Qiare</span> <span class='ocrx_word' id='word_1_115' title='bbox 1556 1544 1583 1586; x_wconf 85' lang='lat' dir='ltr'>fi</span> 
     </span>
     <span class='ocr_line' id='line_1_19' title="bbox 130 1598 1581 1656; baseline 0 -12"><span class='ocrx_word' id='word_1_116' title='bbox 130 1605 208 1644; x_wconf 88' lang='lat' dir='ltr'>dies</span> <span class='ocrx_word' id='word_1_117' title='bbox 242 1603 613 1654; x_wconf 59' lang='lat' dir='ltr'>aequinoctiorum,</span> <span class='ocrx_word' id='word_1_118' title='bbox 644 1601 706 1641; x_wconf 88' lang='lat' dir='ltr'>vel</span> <span class='ocrx_word' id='word_1_119' title='bbox 739 1598 991 1641; x_wconf 84' lang='lat' dir='ltr'>solstitiorum</span> <span class='ocrx_word' id='word_1_120' title='bbox 1023 1602 1178 1643; x_wconf 68' lang='lat' dir='ltr'>accidat</span> <span class='ocrx_word' id='word_1_121' title='bbox 1197 1604 1236 1642; x_wconf 87' lang='lat' dir='ltr'>in</span> <span class='ocrx_word' id='word_1_122' title='bbox 1252 1600 1335 1655; x_wconf 86' lang='lat' dir='ltr'>ipsa</span> <span class='ocrx_word' id='word_1_123' title='bbox 1365 1602 1581 1656; x_wconf 80' lang='lat' dir='ltr'>quadratu-</span> 
     </span>
     <span class='ocr_line' id='line_1_20' title="bbox 131 1654 1583 1710; baseline 0.001 -12"><span class='ocrx_word' id='word_1_124' title='bbox 131 1675 174 1700; x_wconf 79' lang='lat' dir='ltr'>ra</span> <span class='ocrx_word' id='word_1_125' title='bbox 193 1689 202 1703; x_wconf 91' lang='lat'><em>‚</em></span> <span class='ocrx_word' id='word_1_126' title='bbox 240 1670 336 1698; x_wconf 89' lang='lat' dir='ltr'>tunc</span> <span class='ocrx_word' id='word_1_127' title='bbox 368 1673 475 1698; x_wconf 85' lang='lat' dir='ltr'>mare</span> <span class='ocrx_word' id='word_1_128' title='bbox 497 1659 574 1697; x_wconf 89' lang='lat' dir='ltr'>erit</span> <span class='ocrx_word' id='word_1_129' title='bbox 604 1654 774 1696; x_wconf 79' lang='lat' dir='ltr'>maxime</span> <span class='ocrx_word' id='word_1_130' title='bbox 791 1654 1035 1710; x_wconf 83' lang='lat' dir='ltr'>depreffum,</span> <span class='ocrx_word' id='word_1_131' title='bbox 1065 1671 1110 1699; x_wconf 90' lang='lat' dir='ltr'>ut</span> <span class='ocrx_word' id='word_1_132' title='bbox 1142 1658 1216 1699; x_wconf 85' lang='lat' dir='ltr'>fert</span> <span class='ocrx_word' id='word_1_133' title='bbox 1244 1657 1363 1699; x_wconf 81' lang='lat' dir='ltr'>status</span> <span class='ocrx_word' id='word_1_134' title='bbox 1395 1658 1511 1701; x_wconf 80' lang='lat' dir='ltr'>lunae</span> <span class='ocrx_word' id='word_1_135' title='bbox 1535 1659 1583 1700; x_wconf 91' lang='lat' dir='ltr'>il-</span> 
     </span>
     <span class='ocr_line' id='line_1_21' title="bbox 130 1713 1580 1771; baseline 0.001 -15"><span class='ocrx_word' id='word_1_136' title='bbox 130 1716 203 1758; x_wconf 79' lang='lat' dir='ltr'>lius</span> <span class='ocrx_word' id='word_1_137' title='bbox 238 1713 489 1771; x_wconf 82' lang='lat' dir='ltr'>praesentis‘.</span> <span class='ocrx_word' id='word_1_138' title='bbox 527 1715 712 1769; x_wconf 80' lang='lat' dir='ltr'>Sequenti</span> <span class='ocrx_word' id='word_1_139' title='bbox 749 1724 881 1754; x_wconf 77' lang='lat' dir='ltr'>tamen</span> <span class='ocrx_word' id='word_1_140' title='bbox 912 1714 1039 1756; x_wconf 86' lang='lat' dir='ltr'>mense</span> <span class='ocrx_word' id='word_1_141' title='bbox 1069 1717 1113 1756; x_wconf 70' lang='grc' dir='ltr'>ὃς</span> <span class='ocrx_word' id='word_1_142' title='bbox 1140 1717 1251 1756; x_wconf 86' lang='lat' dir='ltr'>Luna</span> <span class='ocrx_word' id='word_1_143' title='bbox 1282 1725 1378 1757; x_wconf 87' lang='lat' dir='ltr'>tunc</span> <span class='ocrx_word' id='word_1_144' title='bbox 1409 1720 1580 1770; x_wconf 76' lang='lat' dir='ltr'>majores</span> 
     </span>
     <span class='ocr_line' id='line_1_22' title="bbox 138 1771 1582 1834; baseline 0.001 -20"><span class='ocrx_word' id='word_1_145' title='bbox 138 1772 260 1834; x_wconf 61' lang='lat' dir='ltr'>aestus</span> <span class='ocrx_word' id='word_1_146' title='bbox 291 1774 530 1826; x_wconf 85' lang='lat' dir='ltr'>contingunt</span> <span class='ocrx_word' id='word_1_147' title='bbox 561 1802 572 1817; x_wconf 93' lang='lat'>,</span> <span class='ocrx_word' id='word_1_148' title='bbox 597 1785 716 1825; x_wconf 83' lang='lat' dir='ltr'>quam</span> <span class='ocrx_word' id='word_1_149' title='bbox 745 1772 994 1824; x_wconf 85' lang='lat' dir='ltr'>contigerant</span> <span class='ocrx_word' id='word_1_150' title='bbox 1025 1772 1087 1813; x_wconf 86' lang='lat' dir='ltr'>vel</span> <span class='ocrx_word' id='word_1_151' title='bbox 1117 1771 1198 1828; x_wconf 76' lang='lat' dir='ltr'>ipsa</span> <span class='ocrx_word' id='word_1_152' title='bbox 1242 1773 1334 1813; x_wconf 80' lang='lat' dir='ltr'>luna</span> <span class='ocrx_word' id='word_1_153' title='bbox 1364 1772 1482 1827; x_wconf 80' lang='lat' dir='ltr'>plena</span> <span class='ocrx_word' id='word_1_154' title='bbox 1504 1772 1582 1816; x_wconf 59' lang='grc' dir='ltr'>Δὶηο-</span> 
     </span>
     <span class='ocr_line' id='line_1_23' title="bbox 132 1826 1581 1886; baseline 0.003 -18"><span class='ocrx_word' id='word_1_155' title='bbox 132 1842 259 1884; x_wconf 80' lang='lat' dir='ltr'>vaque</span> <span class='ocrx_word' id='word_1_156' title='bbox 281 1830 652 1883; x_wconf 52' lang='lat' dir='ltr'>aequinoctiorum,¹</span> <span class='ocrx_word' id='word_1_157' title='bbox 678 1838 746 1867; x_wconf 87' lang='lat' dir='ltr'>aut</span> <span class='ocrx_word' id='word_1_158' title='bbox 777 1826 1058 1868; x_wconf 80' lang='lat' dir='ltr'>solstitiorum.</span> <span class='ocrx_word' id='word_1_159' title='bbox 1090 1829 1225 1870; x_wconf 86' lang='lat' dir='ltr'>Aestus</span> <span class='ocrx_word' id='word_1_160' title='bbox 1258 1844 1355 1871; x_wconf 89' lang='lat' dir='ltr'>vero</span> <span class='ocrx_word' id='word_1_161' title='bbox 1386 1862 1396 1875; x_wconf 97' lang='lat'>,</span> <span class='ocrx_word' id='word_1_162' title='bbox 1428 1842 1473 1872; x_wconf 84' lang='lat' dir='ltr'>ut</span> <span class='ocrx_word' id='word_1_163' title='bbox 1503 1847 1581 1886; x_wconf 88' lang='lat' dir='ltr'>ego</span> 
     </span>
     <span class='ocr_line' id='line_1_24' title="bbox 131 1883 1578 1941; baseline 0.002 -14"><span class='ocrx_word' id='word_1_164' title='bbox 131 1889 290 1940; x_wconf 86' lang='lat' dir='ltr'>quidem</span> <span class='ocrx_word' id='word_1_165' title='bbox 321 1899 392 1939; x_wconf 86' lang='lat' dir='ltr'>per</span> <span class='ocrx_word' id='word_1_166' title='bbox 423 1886 737 1940; x_wconf 82' lang='lat' dir='ltr'>quinquennium</span> <span class='ocrx_word' id='word_1_167' title='bbox 768 1883 1000 1928; x_wconf 80' lang='lat' dir='ltr'>observavi,</span> <span class='ocrx_word' id='word_1_168' title='bbox 1032 1884 1182 1941; x_wconf 82' lang='lat' dir='ltr'>semper</span> <span class='ocrx_word' id='word_1_169' title='bbox 1213 1886 1302 1927; x_wconf 87' lang='lat' dir='ltr'>sunt</span> <span class='ocrx_word' id='word_1_170' title='bbox 1333 1889 1502 1940; x_wconf 85' lang='lat' dir='ltr'>majores</span> <span class='ocrx_word' id='word_1_171' title='bbox 1526 1904 1578 1930; x_wconf 80' lang='lat' dir='ltr'>ea.</span> 
     </span>
     <span class='ocr_line' id='line_1_25' title="bbox 130 1940 1579 1998; baseline 0.001 -14"><span class='ocrx_word' id='word_1_172' title='bbox 130 1944 223 1984; x_wconf 81' lang='lat' dir='ltr'>luna</span> <span class='ocrx_word' id='word_1_173' title='bbox 254 1942 341 1997; x_wconf 91' lang='lat' dir='ltr'>post</span> <span class='ocrx_word' id='word_1_174' title='bbox 373 1940 531 1982; x_wconf 73' lang='lat' dir='ltr'>solstitia</span> <span class='ocrx_word' id='word_1_175' title='bbox 551 1973 560 1987; x_wconf 92' lang='lat'>‚</span> <span class='ocrx_word' id='word_1_176' title='bbox 599 1956 716 1995; x_wconf 77' lang='lat' dir='ltr'>quarn</span> <span class='ocrx_word' id='word_1_177' title='bbox 747 1956 793 1981; x_wconf 82' lang='lat' dir='ltr'>ea</span> <span class='ocrx_word' id='word_1_178' title='bbox 824 1941 912 1996; x_wconf 90' lang='lat' dir='ltr'>post</span> <span class='ocrx_word' id='word_1_179' title='bbox 940 1945 1194 1997; x_wconf 67' lang='lat' dir='ltr'>aequinoctia</span> <span class='ocrx_word' id='word_1_180' title='bbox 1212 1958 1223 1988; x_wconf 70' lang='grc' dir='ltr'><strong><em>ς</em></strong></span> <span class='ocrx_word' id='word_1_181' title='bbox 1256 1943 1382 1998; x_wconf 86' lang='lat' dir='ltr'>quue</span> <span class='ocrx_word' id='word_1_182' title='bbox 1415 1945 1579 1987; x_wconf 84' lang='lat' dir='ltr'>cuilibet</span> 
     </span>
     <span class='ocr_line' id='line_1_26' title="bbox 133 1996 1581 2056; baseline 0.002 -16"><span class='ocrx_word' id='word_1_183' title='bbox 133 2001 314 2056; x_wconf 70' lang='lat' dir='ltr'>patebit,</span> <span class='ocrx_word' id='word_1_184' title='bbox 343 1997 369 2038; x_wconf 80' lang='lat' dir='ltr'>si</span> <span class='ocrx_word' id='word_1_185' title='bbox 408 1998 568 2054; x_wconf 83' lang='lat' dir='ltr'>quintili</span> <span class='ocrx_word' id='word_1_186' title='bbox 609 1996 734 2038; x_wconf 87' lang='lat' dir='ltr'>mense</span> <span class='ocrx_word' id='word_1_187' title='bbox 764 2025 774 2040; x_wconf 91' lang='lat'><em>‚</em></span> <span class='ocrx_word' id='word_1_188' title='bbox 810 1998 873 2038; x_wconf 87' lang='lat' dir='ltr'>vel</span> <span class='ocrx_word' id='word_1_189' title='bbox 904 2001 1082 2051; x_wconf 85' lang='lat' dir='ltr'>januario</span> <span class='ocrx_word' id='word_1_190' title='bbox 1114 1999 1337 2056; x_wconf 59' lang='lat' dir='ltr'>frequenter</span> <span class='ocrx_word' id='word_1_191' title='bbox 1369 2015 1476 2043; x_wconf 80' lang='lat' dir='ltr'>mare</span> <span class='ocrx_word' id='word_1_192' title='bbox 1511 2017 1581 2044; x_wconf 91' lang='lat' dir='ltr'>no-</span> 
     </span>
     <span class='ocr_line' id='line_1_27' title="bbox 132 2054 1579 2114; baseline 0.002 -17"><span class='ocrx_word' id='word_1_193' title='bbox 132 2057 251 2097; x_wconf 77' lang='lat' dir='ltr'>strum</span> <span class='ocrx_word' id='word_1_194' title='bbox 277 2055 416 2098; x_wconf 82' lang='lat' dir='ltr'>invisat</span> <span class='ocrx_word' id='word_1_195' title='bbox 433 2084 441 2092; x_wconf 89' lang='lat'><strong><em>.</em></strong></span> <span class='ocrx_word' id='word_1_196' title='bbox 473 2054 655 2097; x_wconf 84' lang='lat' dir='ltr'>Receffus</span> <span class='ocrx_word' id='word_1_197' title='bbox 674 2056 781 2095; x_wconf 89' lang='lat' dir='ltr'>enim</span> <span class='ocrx_word' id='word_1_198' title='bbox 797 2069 960 2109; x_wconf 81' lang='lat' dir='ltr'>magnos</span> <span class='ocrx_word' id='word_1_199' title='bbox 978 2058 1092 2098; x_wconf 86' lang='lat' dir='ltr'>maris</span> <span class='ocrx_word' id='word_1_200' title='bbox 1110 2085 1119 2101; x_wconf 89' lang='lat'><em>‚</em></span> <span class='ocrx_word' id='word_1_201' title='bbox 1152 2058 1275 2099; x_wconf 90' lang='lat' dir='ltr'>veluti</span> <span class='ocrx_word' id='word_1_202' title='bbox 1290 2059 1428 2100; x_wconf 77' lang='lat' dir='ltr'>brevia</span> <span class='ocrx_word' id='word_1_203' title='bbox 1442 2060 1485 2099; x_wconf 85' lang='lat'>&amp;</span> <span class='ocrx_word' id='word_1_204' title='bbox 1502 2059 1579 2114; x_wconf 76' lang='lat' dir='ltr'>syr-</span> 
     </span>
     <span class='ocr_line' id='line_1_28' title="bbox 132 2113 1577 2171; baseline 0.003 -16"><span class='ocrx_word' id='word_1_205' title='bbox 132 2128 189 2156; x_wconf 88' lang='lat' dir='ltr'>tes</span> <span class='ocrx_word' id='word_1_206' title='bbox 213 2116 252 2154; x_wconf 84' lang='lat' dir='ltr'>iu</span> <span class='ocrx_word' id='word_1_207' title='bbox 284 2114 419 2154; x_wconf 85' lang='lat' dir='ltr'>littore</span> <span class='ocrx_word' id='word_1_208' title='bbox 445 2113 580 2153; x_wconf 84' lang='lat' dir='ltr'>nostro</span> <span class='ocrx_word' id='word_1_209' title='bbox 605 2124 784 2167; x_wconf 88' lang='lat' dir='ltr'>tempore</span> <span class='ocrx_word' id='word_1_210' title='bbox 810 2114 974 2154; x_wconf 79' lang='lat' dir='ltr'>refluxus</span> <span class='ocrx_word' id='word_1_211' title='bbox 1004 2114 1249 2169; x_wconf 85' lang='lat' dir='ltr'>conspiciet,</span> <span class='ocrx_word' id='word_1_212' title='bbox 1282 2131 1363 2171; x_wconf 89' lang='lat' dir='ltr'>quo</span> <span class='ocrx_word' id='word_1_213' title='bbox 1394 2126 1577 2171; x_wconf 80' lang='lat' dir='ltr'>tempore</span> 
     </span>
     <span class='ocr_line' id='line_1_29' title="bbox 133 2168 1576 2225; baseline 0.003 -14"><span class='ocrx_word' id='word_1_214' title='bbox 133 2172 296 2213; x_wconf 80' lang='lat' dir='ltr'>cuilibet</span> <span class='ocrx_word' id='word_1_215' title='bbox 328 2170 446 2211; x_wconf 83' lang='lat' dir='ltr'>aestus</span> <span class='ocrx_word' id='word_1_216' title='bbox 477 2172 646 2211; x_wconf 83' lang='lat' dir='ltr'>marinus</span> <span class='ocrx_word' id='word_1_217' title='bbox 676 2168 722 2211; x_wconf 87' lang='lat' dir='ltr'>fit</span> <span class='ocrx_word' id='word_1_218' title='bbox 753 2169 990 2211; x_wconf 85' lang='lat' dir='ltr'>manifestior</span> <span class='ocrx_word' id='word_1_219' title='bbox 1014 2185 1132 2225; x_wconf 81' lang='lat' dir='ltr'>quam</span> <span class='ocrx_word' id='word_1_220' title='bbox 1163 2174 1203 2212; x_wconf 87' lang='lat' dir='ltr'>in</span> <span class='ocrx_word' id='word_1_221' title='bbox 1229 2172 1366 2217; x_wconf 76' lang='lat' dir='ltr'>fluxu3</span> <span class='ocrx_word' id='word_1_222' title='bbox 1397 2172 1576 2216; x_wconf 82' lang='lat' dir='ltr'>Tellinae</span> 
     </span>
     <span class='ocr_line' id='line_1_30' title="bbox 135 2226 1577 2285; baseline 0.003 -17"><span class='ocrx_word' id='word_1_223' title='bbox 135 2231 237 2269; x_wconf 81' lang='lat' dir='ltr'>enim</span> <span class='ocrx_word' id='word_1_224' title='bbox 263 2229 406 2268; x_wconf 80' lang='lat' dir='ltr'>multae</span> <span class='ocrx_word' id='word_1_225' title='bbox 438 2230 484 2268; x_wconf 65' lang='grc' dir='ltr'>ὅς</span> <span class='ocrx_word' id='word_1_226' title='bbox 512 2230 641 2269; x_wconf 79' lang='lat' dir='ltr'>variae</span> <span class='ocrx_word' id='word_1_227' title='bbox 658 2230 698 2269; x_wconf 89' lang='lat' dir='ltr'>in</span> <span class='ocrx_word' id='word_1_228' title='bbox 713 2226 816 2268; x_wconf 78' lang='lat' dir='ltr'>sicco</span> <span class='ocrx_word' id='word_1_229' title='bbox 831 2227 991 2269; x_wconf 79' lang='lat' dir='ltr'>haerent</span> <span class='ocrx_word' id='word_1_230' title='bbox 1023 2227 1221 2285; x_wconf 84' lang='lat' dir='ltr'>sepultae,</span> <span class='ocrx_word' id='word_1_231' title='bbox 1249 2244 1294 2270; x_wconf 87' lang='lat' dir='ltr'>ac</span> <span class='ocrx_word' id='word_1_232' title='bbox 1324 2228 1399 2271; x_wconf 85' lang='lat' dir='ltr'>sme</span> <span class='ocrx_word' id='word_1_233' title='bbox 1429 2232 1577 2273; x_wconf 86' lang='lat' dir='ltr'>retibus</span> 
     </span>
     <span class='ocr_line' id='line_1_31' title="bbox 136 2285 1576 2341; baseline 0.003 -16"><span class='ocrx_word' id='word_1_234' title='bbox 136 2288 179 2326; x_wconf 68' lang='grc' dir='ltr'>ἃ</span> <span class='ocrx_word' id='word_1_235' title='bbox 196 2285 453 2325; x_wconf 83' lang='lat' dir='ltr'>instrumentis</span> <span class='ocrx_word' id='word_1_236' title='bbox 516 2285 705 2327; x_wconf 79' lang='lat' dir='ltr'>iscatoriis</span> <span class='ocrx_word' id='word_1_237' title='bbox 732 2288 771 2326; x_wconf 90' lang='lat' dir='ltr'>in</span> <span class='ocrx_word' id='word_1_238' title='bbox 797 2286 930 2326; x_wconf 88' lang='lat' dir='ltr'>cibum</span> <span class='ocrx_word' id='word_1_239' title='bbox 949 2285 1193 2341; x_wconf 86' lang='lat' dir='ltr'>colliguntur</span> <span class='ocrx_word' id='word_1_240' title='bbox 1212 2315 1220 2324; x_wconf 89' lang='lat'><strong><em>.</em></strong></span> <span class='ocrx_word' id='word_1_241' title='bbox 1254 2285 1382 2328; x_wconf 89' lang='lat' dir='ltr'>Mense</span> <span class='ocrx_word' id='word_1_242' title='bbox 1395 2290 1576 2341; x_wconf 77' lang='lat' dir='ltr'>januario</span> 
     </span>
     <span class='ocr_line' id='line_1_32' title="bbox 136 2300 1574 2398; baseline 0.003 -15"><span class='ocrx_word' id='word_1_243' title='bbox 136 2342 256 2383; x_wconf 79' lang='lat' dir='ltr'>aestus</span> <span class='ocrx_word' id='word_1_244' title='bbox 287 2357 448 2396; x_wconf 84' lang='lat' dir='ltr'>magnos</span> <span class='ocrx_word' id='word_1_245' title='bbox 479 2300 562 2383; x_wconf 48' lang='lat' dir='ltr'>lieri</span> <span class='ocrx_word' id='word_1_246' title='bbox 579 2344 616 2383; x_wconf 88' lang='lat' dir='ltr'>in</span> <span class='ocrx_word' id='word_1_247' title='bbox 632 2345 731 2384; x_wconf 82' lang='lat' dir='ltr'>mari</span> <span class='ocrx_word' id='word_1_248' title='bbox 760 2343 893 2384; x_wconf 82' lang='lat' dir='ltr'>nostro</span> <span class='ocrx_word' id='word_1_249' title='bbox 917 2357 1171 2398; x_wconf 85' lang='lat' dir='ltr'>compertum</span> <span class='ocrx_word' id='word_1_250' title='bbox 1187 2344 1334 2386; x_wconf 87' lang='lat' dir='ltr'>habent</span> <span class='ocrx_word' id='word_1_251' title='bbox 1361 2346 1403 2385; x_wconf 85' lang='lat'>&amp;</span> <span class='ocrx_word' id='word_1_252' title='bbox 1429 2358 1574 2387; x_wconf 76' lang='lat' dir='ltr'>nautae</span> 
     </span>
     <span class='ocr_line' id='line_1_33' title="bbox 136 2400 1573 2459; baseline 0.003 -19"><span class='ocrx_word' id='word_1_253' title='bbox 136 2414 297 2445; x_wconf 75' lang='lat' dir='ltr'>omnes,</span> <span class='ocrx_word' id='word_1_254' title='bbox 328 2401 396 2454; x_wconf 87' lang='lat' dir='ltr'>qui</span> <span class='ocrx_word' id='word_1_255' title='bbox 422 2401 688 2442; x_wconf 88' lang='lat' dir='ltr'>communiter</span> <span class='ocrx_word' id='word_1_256' title='bbox 718 2400 829 2455; x_wconf 85' lang='lat' dir='ltr'>loqui</span> <span class='ocrx_word' id='word_1_257' title='bbox 858 2400 1005 2442; x_wconf 83' lang='lat' dir='ltr'>solent:</span> <span class='ocrx_word' id='word_1_258' title='bbox 1035 2402 1088 2442; x_wconf 83' lang='lat' dir='ltr'>Di</span> <span class='ocrx_word' id='word_1_259' title='bbox 1115 2402 1272 2458; x_wconf 81' lang='lat' dir='ltr'>Gennajo</span> <span class='ocrx_word' id='word_1_260' title='bbox 1299 2404 1330 2443; x_wconf 86' lang='lat' dir='ltr'>Ie</span> <span class='ocrx_word' id='word_1_261' title='bbox 1361 2418 1471 2459; x_wconf 77' lang='lat' dir='ltr'>acque</span> <span class='ocrx_word' id='word_1_262' title='bbox 1501 2419 1573 2444; x_wconf 71' lang='lat' dir='ltr'>cre-</span> 
     </span>
     <span class='ocr_line' id='line_1_34' title="bbox 130 2456 1575 2514; baseline 0.001 -16"><span class='ocrx_word' id='word_1_263' title='bbox 130 2459 231 2513; x_wconf 72' lang='lat' dir='ltr'>scone</span> <span class='ocrx_word' id='word_1_264' title='bbox 262 2473 278 2497; x_wconf 88' lang='lat' dir='ltr'>e</span> <span class='ocrx_word' id='word_1_265' title='bbox 305 2458 426 2498; x_wconf 84' lang='lat' dir='ltr'>calano</span> <span class='ocrx_word' id='word_1_266' title='bbox 455 2473 478 2499; x_wconf 80' lang='lat' dir='ltr'><em>a</em></span> <span class='ocrx_word' id='word_1_267' title='bbox 507 2459 697 2514; x_wconf 69' lang='lat' dir='ltr'>rnigliajo:</span> <span class='ocrx_word' id='word_1_268' title='bbox 728 2472 843 2513; x_wconf 76' lang='lat' dir='ltr'>aquas</span> <span class='ocrx_word' id='word_1_269' title='bbox 873 2456 1022 2500; x_wconf 81' lang='lat' dir='ltr'>scilicet</span> <span class='ocrx_word' id='word_1_270' title='bbox 1053 2460 1242 2513; x_wconf 53' lang='lat' dir='ltr'>Jatnuario</span> <span class='ocrx_word' id='word_1_271' title='bbox 1272 2458 1400 2502; x_wconf 84' lang='lat' dir='ltr'>mense</span> <span class='ocrx_word' id='word_1_272' title='bbox 1430 2462 1469 2500; x_wconf 89' lang='lat' dir='ltr'>in</span> <span class='ocrx_word' id='word_1_273' title='bbox 1503 2461 1575 2499; x_wconf 83' lang='lat' dir='ltr'>im-</span> 
     </span>
    </p>

    <p class='ocr_par' dir='ltr' id='par_1_9' title="bbox 1471 2531 1576 2557">
     <span class='ocr_line' id='line_1_35' title="bbox 1471 2531 1576 2557; baseline 0 0"><span class='ocrx_word' id='word_1_274' title='bbox 1471 2531 1576 2557; x_wconf 84' lang='lat' dir='ltr'>men-</span> 
     </span>
    </p>
   </div>
  </div>
 </body>
</html>
