<?xml version="1.0" encoding="UTF-8"?>
<!DOCTYPE html PUBLIC "-//W3C//DTD XHTML 1.0 Transitional//EN"
    "http://www.w3.org/TR/xhtml1/DTD/xhtml1-transitional.dtd">
<html xmlns="http://www.w3.org/1999/xhtml" xml:lang="en" lang="en">
 <head>
  <title>
</title>
<meta http-equiv="Content-Type" content="text/html;charset=utf-8" />
  <meta name='ocr-system' content='tesseract 3.04.00' />
  <meta name='ocr-capabilities' content='ocr_page ocr_carea ocr_par ocr_line ocrx_word'/>
</head>
<body>
  <div class='ocr_page' id='page_1' title='image "./janiplanciarimin00bian_0069.png"; bbox 0 0 1814 2902; ppageno 0'>
   <div class='ocr_carea' id='block_1_1' title="bbox 147 206 1580 590">
    <p class='ocr_par' dir='ltr' id='par_1_1' title="bbox 426 206 1576 257">
     <span class='ocr_line' id='line_1_1' title="bbox 426 206 1576 257; baseline 0.004 -6"><span class='ocrx_word' id='word_1_1' title='bbox 426 206 1288 253; x_wconf 78' lang='lat' dir='ltr'>AESTVSMARITIMI</span> <span class='ocrx_word' id='word_1_2' title='bbox 1526 223 1576 257; x_wconf 78' lang='lat'>61</span> 
     </span>
    </p>

    <p class='ocr_par' dir='ltr' id='par_1_2' title="bbox 147 294 1577 363">
     <span class='ocr_line' id='line_1_2' title="bbox 147 294 1577 363; baseline -0.003 -15"><span class='ocrx_word' id='word_1_3' title='bbox 147 313 280 349; x_wconf 46' lang='lat' dir='ltr'>fter</span> <span class='ocrx_word' id='word_1_4' title='bbox 324 298 460 363; x_wconf 80' lang='lat' dir='ltr'>spatio</span> <span class='ocrx_word' id='word_1_5' title='bbox 503 298 633 345; x_wconf 87' lang='lat' dir='ltr'>-unius</span> <span class='ocrx_word' id='word_1_6' title='bbox 681 297 811 344; x_wconf 86' lang='lat' dir='ltr'>horae</span> <span class='ocrx_word' id='word_1_7' title='bbox 857 294 1099 345; x_wconf 85' lang='lat' dir='ltr'>continetur</span> <span class='ocrx_word' id='word_1_8' title='bbox 1136 314 1153 352; x_wconf 85' lang='lat'>3</span> <span class='ocrx_word' id='word_1_9' title='bbox 1205 295 1278 345; x_wconf 69' lang='lat' dir='ltr'>std</span> <span class='ocrx_word' id='word_1_10' title='bbox 1321 296 1363 344; x_wconf 92' lang='lat' dir='ltr'>in</span> <span class='ocrx_word' id='word_1_11' title='bbox 1388 295 1577 356; x_wconf 82' lang='lat' dir='ltr'>majori-</span> 
     </span>
    </p>

    <p class='ocr_par' dir='ltr' id='par_1_3' title="bbox 210 377 1580 442">
     <span class='ocr_line' id='line_1_3' title="bbox 210 377 1580 442; baseline -0.001 -15"><span class='ocrx_word' id='word_1_12' title='bbox 210 378 291 427; x_wconf 87' lang='lat' dir='ltr'>bus</span> <span class='ocrx_word' id='word_1_13' title='bbox 325 379 503 428; x_wconf 85' lang='lat' dir='ltr'>aestibus</span> <span class='ocrx_word' id='word_1_14' title='bbox 536 408 550 431; x_wconf 87' lang='lat'>‚</span> <span class='ocrx_word' id='word_1_15' title='bbox 586 377 657 425; x_wconf 87' lang='lat' dir='ltr'>seu</span> <span class='ocrx_word' id='word_1_16' title='bbox 685 379 728 424; x_wconf 89' lang='lat' dir='ltr'>in</span> <span class='ocrx_word' id='word_1_17' title='bbox 757 377 1025 442; x_wconf 88' lang='lat' dir='ltr'>longioribus</span> <span class='ocrx_word' id='word_1_18' title='bbox 1043 377 1243 426; x_wconf 86' lang='lat' dir='ltr'>Fluxibus</span> <span class='ocrx_word' id='word_1_19' title='bbox 1275 410 1290 432; x_wconf 86' lang='lat'>‚</span> <span class='ocrx_word' id='word_1_20' title='bbox 1329 381 1374 424; x_wconf 87' lang='lat'>&amp;</span> <span class='ocrx_word' id='word_1_21' title='bbox 1393 378 1580 428; x_wconf 84' lang='lat' dir='ltr'>Refluxi-</span> 
     </span>
    </p>

    <p class='ocr_par' dir='ltr' id='par_1_4' title="bbox 152 456 1578 590">
     <span class='ocr_line' id='line_1_4' title="bbox 152 456 1578 524; baseline -0.001 -17"><span class='ocrx_word' id='word_1_22' title='bbox 152 484 161 487; x_wconf 75' lang='grc'><strong>-</strong></span> <span class='ocrx_word' id='word_1_23' title='bbox 205 458 295 507; x_wconf 19' lang='lat' dir='ltr'>rbus</span> <span class='ocrx_word' id='word_1_24' title='bbox 334 458 550 508; x_wconf 81' lang='lat' dir='ltr'>interdum</span> <span class='ocrx_word' id='word_1_25' title='bbox 585 475 702 506; x_wconf 84' lang='lat' dir='ltr'>mare</span> <span class='ocrx_word' id='word_1_26' title='bbox 733 474 807 522; x_wconf 90' lang='lat' dir='ltr'>per</span> <span class='ocrx_word' id='word_1_27' title='bbox 838 459 938 508; x_wconf 74' lang='lat' dir='ltr'>treis</span> <span class='ocrx_word' id='word_1_28' title='bbox 964 456 1092 508; x_wconf 82' lang='lat' dir='ltr'>horas</span> <span class='ocrx_word' id='word_1_29' title='bbox 1125 459 1322 524; x_wconf 87' lang='lat' dir='ltr'>quietum</span> <span class='ocrx_word' id='word_1_30' title='bbox 1352 459 1433 508; x_wconf 82' lang='lat' dir='ltr'>stat</span> <span class='ocrx_word' id='word_1_31' title='bbox 1456 457 1578 510; x_wconf 91' lang='lat' dir='ltr'>nullo</span> 
     </span>
     <span class='ocr_line' id='line_1_5' title="bbox 213 539 890 590; baseline 0 -2"><span class='ocrx_word' id='word_1_32' title='bbox 213 539 384 590; x_wconf 87' lang='lat' dir='ltr'>ascensu</span> <span class='ocrx_word' id='word_1_33' title='bbox 417 539 530 590; x_wconf 66' lang='lat' dir='ltr'>facsto</span> <span class='ocrx_word' id='word_1_34' title='bbox 558 539 626 589; x_wconf 89' lang='lat' dir='ltr'>vel</span> <span class='ocrx_word' id='word_1_35' title='bbox 658 539 857 590; x_wconf 81' lang='lat' dir='ltr'>descensu</span> <span class='ocrx_word' id='word_1_36' title='bbox 878 572 890 588; x_wconf 86' lang='lat'><em>.</em></span> 
     </span>
    </p>
   </div>
   <div class='ocr_carea' id='block_1_2' title="bbox 578 679 1161 722">
    <p class='ocr_par' dir='ltr' id='par_1_5' title="bbox 578 679 1161 722">
     <span class='ocr_line' id='line_1_6' title="bbox 578 679 1161 722; baseline -0.005 -1"><span class='ocrx_word' id='word_1_37' title='bbox 578 679 1161 722; x_wconf 88' lang='lat' dir='ltr'><strong><em>SCHOLIVM.</em></strong></span> 
     </span>
    </p>
   </div>
   <div class='ocr_carea' id='block_1_3' title="bbox 143 792 1598 1806">
    <p class='ocr_par' dir='ltr' id='par_1_6' title="bbox 143 792 1598 1806">
     <span class='ocr_line' id='line_1_7' title="bbox 143 792 1586 880; baseline 0.001 -46"><span class='ocrx_word' id='word_1_38' title='bbox 143 793 250 880; x_wconf 87' lang='lat' dir='ltr'>H</span> <span class='ocrx_word' id='word_1_39' title='bbox 273 797 353 834; x_wconf 65' lang='lat' dir='ltr'>Arc</span> <span class='ocrx_word' id='word_1_40' title='bbox 385 792 608 849; x_wconf 83' lang='lat' dir='ltr'>Propofitio</span> <span class='ocrx_word' id='word_1_41' title='bbox 644 792 772 834; x_wconf 85' lang='lat' dir='ltr'><strong>adfert</strong></span> <span class='ocrx_word' id='word_1_42' title='bbox 806 807 964 848; x_wconf 89' lang='lat' dir='ltr'>quoque</span> <span class='ocrx_word' id='word_1_43' title='bbox 994 793 1143 850; x_wconf 86' lang='lat' dir='ltr'>aliquid</span> <span class='ocrx_word' id='word_1_44' title='bbox 1173 796 1269 836; x_wconf 88' lang='lat' dir='ltr'>novi</span> <span class='ocrx_word' id='word_1_45' title='bbox 1294 823 1304 838; x_wconf 87' lang='lat'>‚</span> <span class='ocrx_word' id='word_1_46' title='bbox 1344 795 1453 849; x_wconf 90' lang='lat' dir='ltr'>quod</span> <span class='ocrx_word' id='word_1_47' title='bbox 1479 809 1586 836; x_wconf 86' lang='lat' dir='ltr'>mare</span> 
     </span>
     <span class='ocr_line' id='line_1_8' title="bbox 280 849 1590 904; baseline 0.003 -15"><span class='ocrx_word' id='word_1_48' title='bbox 280 849 426 892; x_wconf 86' lang='lat' dir='ltr'>scilicet</span> <span class='ocrx_word' id='word_1_49' title='bbox 449 854 549 892; x_wconf 88' lang='lat' dir='ltr'>inter</span> <span class='ocrx_word' id='word_1_50' title='bbox 580 851 742 891; x_wconf 82' lang='lat' dir='ltr'>Fluxum</span> <span class='ocrx_word' id='word_1_51' title='bbox 770 850 814 890; x_wconf 88' lang='lat'>&amp;</span> <span class='ocrx_word' id='word_1_52' title='bbox 841 849 1054 890; x_wconf 80' lang='lat' dir='ltr'>Refluxum</span> <span class='ocrx_word' id='word_1_53' title='bbox 1082 865 1154 904; x_wconf 89' lang='lat' dir='ltr'>per</span> <span class='ocrx_word' id='word_1_54' title='bbox 1188 852 1328 893; x_wconf 86' lang='lat' dir='ltr'>horam</span> <span class='ocrx_word' id='word_1_55' title='bbox 1355 882 1365 897; x_wconf 96' lang='lat'><strong><em>,</em></strong></span> <span class='ocrx_word' id='word_1_56' title='bbox 1395 853 1438 891; x_wconf 70' lang='grc' dir='ltr'>ὃ(</span> <span class='ocrx_word' id='word_1_57' title='bbox 1470 854 1590 893; x_wconf 83' lang='lat' dir='ltr'>inter—</span> 
     </span>
     <span class='ocr_line' id='line_1_9' title="bbox 145 907 1591 963; baseline 0.001 -16"><span class='ocrx_word' id='word_1_58' title='bbox 145 910 241 948; x_wconf 89' lang='lat' dir='ltr'>dum</span> <span class='ocrx_word' id='word_1_59' title='bbox 269 923 338 962; x_wconf 89' lang='lat' dir='ltr'>per</span> <span class='ocrx_word' id='word_1_60' title='bbox 355 908 502 963; x_wconf 87' lang='lat' dir='ltr'>plureis</span> <span class='ocrx_word' id='word_1_61' title='bbox 526 909 704 963; x_wconf 88' lang='lat' dir='ltr'>quietum</span> <span class='ocrx_word' id='word_1_62' title='bbox 720 916 876 946; x_wconf 84' lang='lat' dir='ltr'>maneat</span> <span class='ocrx_word' id='word_1_63' title='bbox 893 934 901 942; x_wconf 89' lang='lat'>-</span> <span class='ocrx_word' id='word_1_64' title='bbox 925 908 1112 959; x_wconf 76' lang='lat' dir='ltr'>Qietem</span> <span class='ocrx_word' id='word_1_65' title='bbox 1128 907 1230 949; x_wconf 86' lang='lat' dir='ltr'>hanc</span> <span class='ocrx_word' id='word_1_66' title='bbox 1248 940 1259 955; x_wconf 92' lang='lat'><strong><em>,</em></strong></span> <span class='ocrx_word' id='word_1_67' title='bbox 1287 907 1349 949; x_wconf 88' lang='lat' dir='ltr'>seu</span> <span class='ocrx_word' id='word_1_68' title='bbox 1366 919 1496 949; x_wconf 86' lang='lat' dir='ltr'>motus</span> <span class='ocrx_word' id='word_1_69' title='bbox 1514 907 1591 949; x_wconf 90' lang='lat' dir='ltr'>ces-</span> 
     </span>
     <span class='ocr_line' id='line_1_10' title="bbox 145 963 1593 1021; baseline 0.002 -17"><span class='ocrx_word' id='word_1_70' title='bbox 145 963 336 1004; x_wconf 80' lang='lat' dir='ltr'>sationem</span> <span class='ocrx_word' id='word_1_71' title='bbox 372 966 413 1003; x_wconf 86' lang='lat' dir='ltr'>in</span> <span class='ocrx_word' id='word_1_72' title='bbox 428 965 527 1004; x_wconf 85' lang='lat' dir='ltr'>mari</span> <span class='ocrx_word' id='word_1_73' title='bbox 545 978 650 1005; x_wconf 90' lang='lat' dir='ltr'>novo</span> <span class='ocrx_word' id='word_1_74' title='bbox 669 963 866 1004; x_wconf 85' lang='lat' dir='ltr'>vocabulo</span> <span class='ocrx_word' id='word_1_75' title='bbox 881 965 1124 1018; x_wconf 65' lang='lat' dir='ltr'>Aquiflitium</span> <span class='ocrx_word' id='word_1_76' title='bbox 1141 967 1452 1021; x_wconf 85' lang='lat' dir='ltr'>nuncupavimus</span> <span class='ocrx_word' id='word_1_77' title='bbox 1471 994 1478 1002; x_wconf 86' lang='lat'><strong>.</strong></span> <span class='ocrx_word' id='word_1_78' title='bbox 1498 967 1593 1007; x_wconf 88' lang='lat' dir='ltr'>Sunt</span> 
     </span>
     <span class='ocr_line' id='line_1_11' title="bbox 146 1019 1591 1077; baseline 0.001 -17"><span class='ocrx_word' id='word_1_79' title='bbox 146 1023 250 1061; x_wconf 90' lang='lat' dir='ltr'>enim</span> <span class='ocrx_word' id='word_1_80' title='bbox 271 1022 383 1061; x_wconf 89' lang='lat' dir='ltr'>rebus</span> <span class='ocrx_word' id='word_1_81' title='bbox 408 1022 519 1062; x_wconf 90' lang='lat' dir='ltr'>novis</span> <span class='ocrx_word' id='word_1_82' title='bbox 537 1034 640 1061; x_wconf 82' lang='lat' dir='ltr'>nova</span> <span class='ocrx_word' id='word_1_83' title='bbox 655 1019 892 1075; x_wconf 84' lang='lat' dir='ltr'>imponenda</span> <span class='ocrx_word' id='word_1_84' title='bbox 920 1021 1105 1060; x_wconf 84' lang='lat' dir='ltr'>nomina.</span> <span class='ocrx_word' id='word_1_85' title='bbox 1135 1022 1392 1077; x_wconf 78' lang='lat' dir='ltr'>Qamquam</span> <span class='ocrx_word' id='word_1_86' title='bbox 1411 1036 1490 1062; x_wconf 92' lang='lat' dir='ltr'>non</span> <span class='ocrx_word' id='word_1_87' title='bbox 1507 1036 1591 1063; x_wconf 90' lang='lat' dir='ltr'>om-</span> 
     </span>
     <span class='ocr_line' id='line_1_12' title="bbox 147 1076 1595 1134; baseline 0.001 -17"><span class='ocrx_word' id='word_1_88' title='bbox 147 1079 242 1117; x_wconf 90' lang='lat' dir='ltr'>nino</span> <span class='ocrx_word' id='word_1_89' title='bbox 271 1092 418 1118; x_wconf 90' lang='lat' dir='ltr'>novum</span> <span class='ocrx_word' id='word_1_90' title='bbox 443 1076 496 1117; x_wconf 90' lang='lat' dir='ltr'>est</span> <span class='ocrx_word' id='word_1_91' title='bbox 512 1091 619 1117; x_wconf 89' lang='lat' dir='ltr'>mare</span> <span class='ocrx_word' id='word_1_92' title='bbox 642 1077 745 1116; x_wconf 89' lang='lat' dir='ltr'>inter</span> <span class='ocrx_word' id='word_1_93' title='bbox 760 1076 922 1117; x_wconf 84' lang='lat' dir='ltr'>Fluxum</span> <span class='ocrx_word' id='word_1_94' title='bbox 941 1105 951 1119; x_wconf 95' lang='lat'>‚</span> <span class='ocrx_word' id='word_1_95' title='bbox 969 1078 1012 1116; x_wconf 88' lang='lat'>&amp;</span> <span class='ocrx_word' id='word_1_96' title='bbox 1031 1076 1244 1120; x_wconf 83' lang='lat' dir='ltr'>Refluxum</span> <span class='ocrx_word' id='word_1_97' title='bbox 1269 1079 1483 1134; x_wconf 82' lang='lat' dir='ltr'>paullulum</span> <span class='ocrx_word' id='word_1_98' title='bbox 1501 1090 1595 1119; x_wconf 84' lang='lat' dir='ltr'>con-</span> 
     </span>
     <span class='ocr_line' id='line_1_13' title="bbox 147 1131 1593 1187; baseline 0.001 -14"><span class='ocrx_word' id='word_1_99' title='bbox 147 1132 295 1173; x_wconf 87' lang='lat' dir='ltr'>fistere.</span> <span class='ocrx_word' id='word_1_100' title='bbox 324 1131 541 1174; x_wconf 80' lang='lat' dir='ltr'>Franciscus</span> <span class='ocrx_word' id='word_1_101' title='bbox 558 1135 662 1173; x_wconf 89' lang='lat' dir='ltr'>enim</span> <span class='ocrx_word' id='word_1_102' title='bbox 678 1133 840 1187; x_wconf 86' lang='lat' dir='ltr'>Bayleus</span> <span class='ocrx_word' id='word_1_103' title='bbox 867 1133 1038 1174; x_wconf 77' lang='lat' dir='ltr'>alticulo</span> <span class='ocrx_word' id='word_1_104' title='bbox 1056 1135 1106 1176; x_wconf 86' lang='lat' dir='ltr'>II.</span> <span class='ocrx_word' id='word_1_105' title='bbox 1132 1135 1180 1175; x_wconf 88' lang='lat' dir='ltr'>de</span> <span class='ocrx_word' id='word_1_106' title='bbox 1210 1134 1326 1175; x_wconf 83' lang='lat' dir='ltr'>Aestu</span> <span class='ocrx_word' id='word_1_107' title='bbox 1357 1136 1510 1175; x_wconf 86' lang='lat' dir='ltr'>Oceani</span> <span class='ocrx_word' id='word_1_108' title='bbox 1534 1135 1593 1178; x_wconf 70' lang='lat' dir='ltr'>his</span> 
     </span>
     <span class='ocr_line' id='line_1_14' title="bbox 151 1186 1593 1245; baseline 0.001 -15"><span class='ocrx_word' id='word_1_109' title='bbox 151 1191 280 1240; x_wconf 74' lang='lat' dir='ltr'>verbis</span> <span class='ocrx_word' id='word_1_110' title='bbox 297 1192 469 1244; x_wconf 89' lang='lat' dir='ltr'>quietem</span> <span class='ocrx_word' id='word_1_111' title='bbox 485 1190 586 1229; x_wconf 81' lang='lat' dir='ltr'>hanc</span> <span class='ocrx_word' id='word_1_112' title='bbox 606 1189 735 1228; x_wconf 84' lang='lat' dir='ltr'>afferit</span> <span class='ocrx_word' id='word_1_113' title='bbox 750 1203 759 1228; x_wconf 92' lang='lat'>:</span> <span class='ocrx_word' id='word_1_114' title='bbox 789 1219 812 1234; x_wconf 92' lang='lat'>‚,</span> <span class='ocrx_word' id='word_1_115' title='bbox 830 1190 876 1228; x_wconf 90' lang='lat' dir='ltr'>In</span> <span class='ocrx_word' id='word_1_116' title='bbox 891 1186 968 1227; x_wconf 88' lang='lat' dir='ltr'>fine</span> <span class='ocrx_word' id='word_1_117' title='bbox 986 1187 1160 1231; x_wconf 83' lang='lat' dir='ltr'>affluxus</span> <span class='ocrx_word' id='word_1_118' title='bbox 1178 1221 1189 1236; x_wconf 91' lang='lat'>‚</span> <span class='ocrx_word' id='word_1_119' title='bbox 1212 1192 1255 1230; x_wconf 86' lang='lat'>&amp;</span> <span class='ocrx_word' id='word_1_120' title='bbox 1282 1189 1458 1231; x_wconf 81' lang='lat' dir='ltr'>defluxus</span> <span class='ocrx_word' id='word_1_121' title='bbox 1475 1206 1593 1245; x_wconf 81' lang='lat' dir='ltr'>aqua-</span> 
     </span>
     <span class='ocr_line' id='line_1_15' title="bbox 150 1243 1597 1302; baseline -0.002 -16"><span class='ocrx_word' id='word_1_122' title='bbox 150 1274 175 1290; x_wconf 91' lang='lat'>‚‚</span> <span class='ocrx_word' id='word_1_123' title='bbox 206 1261 297 1286; x_wconf 88' lang='lat' dir='ltr'>rum</span> <span class='ocrx_word' id='word_1_124' title='bbox 318 1246 448 1287; x_wconf 85' lang='lat' dir='ltr'>tardus</span> <span class='ocrx_word' id='word_1_125' title='bbox 477 1246 577 1288; x_wconf 86' lang='lat' dir='ltr'>adeo</span> <span class='ocrx_word' id='word_1_126' title='bbox 594 1243 646 1284; x_wconf 89' lang='lat' dir='ltr'>est</span> <span class='ocrx_word' id='word_1_127' title='bbox 660 1259 793 1285; x_wconf 85' lang='lat' dir='ltr'>earum</span> <span class='ocrx_word' id='word_1_128' title='bbox 811 1256 943 1285; x_wconf 88' lang='lat' dir='ltr'>motus</span> <span class='ocrx_word' id='word_1_129' title='bbox 961 1272 971 1288; x_wconf 95' lang='lat'>‚</span> <span class='ocrx_word' id='word_1_130' title='bbox 997 1256 1041 1284; x_wconf 93' lang='lat' dir='ltr'>ut</span> <span class='ocrx_word' id='word_1_131' title='bbox 1066 1261 1137 1302; x_wconf 82' lang='lat' dir='ltr'>per</span> <span class='ocrx_word' id='word_1_132' title='bbox 1153 1247 1305 1302; x_wconf 83' lang='lat' dir='ltr'>aliquot</span> <span class='ocrx_word' id='word_1_133' title='bbox 1326 1248 1475 1289; x_wconf 76' lang='lat' dir='ltr'>minuta</span> <span class='ocrx_word' id='word_1_134' title='bbox 1504 1263 1597 1288; x_wconf 61' lang='lat' dir='ltr'>con⁴</span> 
     </span>
     <span class='ocr_line' id='line_1_16' title="bbox 152 1299 1592 1355; baseline 0 -10"><span class='ocrx_word' id='word_1_135' title='bbox 152 1329 176 1345; x_wconf 76' lang='grc'>,,</span> <span class='ocrx_word' id='word_1_136' title='bbox 207 1300 328 1343; x_wconf 78' lang='lat' dir='ltr'>sistere</span> <span class='ocrx_word' id='word_1_137' title='bbox 346 1303 526 1344; x_wconf 82' lang='lat' dir='ltr'>videatur</span> <span class='ocrx_word' id='word_1_138' title='bbox 542 1332 552 1346; x_wconf 95' lang='lat'>,</span> <span class='ocrx_word' id='word_1_139' title='bbox 583 1299 658 1341; x_wconf 82' lang='lat' dir='ltr'>fine</span> <span class='ocrx_word' id='word_1_140' title='bbox 687 1300 771 1340; x_wconf 84' lang='lat' dir='ltr'>ullo</span> <span class='ocrx_word' id='word_1_141' title='bbox 801 1301 1032 1342; x_wconf 78' lang='lat' dir='ltr'>elevationis</span> <span class='ocrx_word' id='word_1_142' title='bbox 1049 1317 1264 1355; x_wconf 81' lang='lat' dir='ltr'>augmento</span> <span class='ocrx_word' id='word_1_143' title='bbox 1283 1316 1351 1344; x_wconf 82' lang='lat' dir='ltr'>aut</span> <span class='ocrx_word' id='word_1_144' title='bbox 1368 1303 1592 1345; x_wconf 87' lang='lat' dir='ltr'>decremen-</span> 
     </span>
     <span class='ocr_line' id='line_1_17' title="bbox 152 1354 1596 1416; baseline 0.002 -18"><span class='ocrx_word' id='word_1_145' title='bbox 152 1388 175 1403; x_wconf 92' lang='lat'>‚,</span> <span class='ocrx_word' id='word_1_146' title='bbox 208 1370 251 1398; x_wconf 87' lang='lat' dir='ltr'>to</span> <span class='ocrx_word' id='word_1_147' title='bbox 270 1386 295 1401; x_wconf 94' lang='lat'>‚‚</span> <span class='ocrx_word' id='word_1_148' title='bbox 314 1386 322 1394; x_wconf 90' lang='lat'><strong>.</strong></span> <span class='ocrx_word' id='word_1_149' title='bbox 352 1359 410 1398; x_wconf 87' lang='lat' dir='ltr'>At</span> <span class='ocrx_word' id='word_1_150' title='bbox 433 1357 537 1413; x_wconf 78' lang='lat' dir='ltr'>apud</span> <span class='ocrx_word' id='word_1_151' title='bbox 554 1371 622 1397; x_wconf 86' lang='lat' dir='ltr'>nos</span> <span class='ocrx_word' id='word_1_152' title='bbox 643 1358 684 1396; x_wconf 86' lang='lat' dir='ltr'>in</span> <span class='ocrx_word' id='word_1_153' title='bbox 703 1354 778 1396; x_wconf 88' lang='lat' dir='ltr'>fine</span> <span class='ocrx_word' id='word_1_154' title='bbox 794 1357 934 1398; x_wconf 82' lang='lat' dir='ltr'>Fluxus</span> <span class='ocrx_word' id='word_1_155' title='bbox 951 1385 960 1400; x_wconf 93' lang='lat'>,</span> <span class='ocrx_word' id='word_1_156' title='bbox 979 1370 1046 1397; x_wconf 84' lang='lat' dir='ltr'>aut</span> <span class='ocrx_word' id='word_1_157' title='bbox 1057 1358 1245 1400; x_wconf 83' lang='lat' dir='ltr'>Refluxus</span> <span class='ocrx_word' id='word_1_158' title='bbox 1272 1375 1394 1415; x_wconf 81' lang='lat' dir='ltr'>aquae</span> <span class='ocrx_word' id='word_1_159' title='bbox 1421 1362 1596 1416; x_wconf 84' lang='lat' dir='ltr'>plerum-</span> 
     </span>
     <span class='ocr_line' id='line_1_18' title="bbox 153 1412 1595 1469; baseline 0.002 -14"><span class='ocrx_word' id='word_1_160' title='bbox 153 1429 228 1469; x_wconf 85' lang='lat' dir='ltr'>que</span> <span class='ocrx_word' id='word_1_161' title='bbox 244 1429 323 1454; x_wconf 87' lang='lat' dir='ltr'>non</span> <span class='ocrx_word' id='word_1_162' title='bbox 341 1428 410 1469; x_wconf 88' lang='lat' dir='ltr'>per</span> <span class='ocrx_word' id='word_1_163' title='bbox 427 1415 579 1468; x_wconf 83' lang='lat' dir='ltr'>aliquot</span> <span class='ocrx_word' id='word_1_164' title='bbox 604 1414 757 1453; x_wconf 81' lang='lat' dir='ltr'>minuta</span> <span class='ocrx_word' id='word_1_165' title='bbox 773 1443 783 1458; x_wconf 90' lang='lat'><em>‚</em></span> <span class='ocrx_word' id='word_1_166' title='bbox 812 1412 875 1454; x_wconf 87' lang='lat' dir='ltr'>sed</span> <span class='ocrx_word' id='word_1_167' title='bbox 900 1426 970 1466; x_wconf 76' lang='lat' dir='ltr'>per</span> <span class='ocrx_word' id='word_1_168' title='bbox 994 1414 1135 1454; x_wconf 83' lang='lat' dir='ltr'>horam</span> <span class='ocrx_word' id='word_1_169' title='bbox 1151 1415 1363 1457; x_wconf 75' lang='lat' dir='ltr'>consistunt</span> <span class='ocrx_word' id='word_1_170' title='bbox 1381 1447 1391 1462; x_wconf 90' lang='lat'><strong>,</strong></span> <span class='ocrx_word' id='word_1_171' title='bbox 1416 1419 1459 1458; x_wconf 88' lang='lat'>&amp;</span> <span class='ocrx_word' id='word_1_172' title='bbox 1476 1419 1595 1458; x_wconf 90' lang='lat' dir='ltr'>inter-</span> 
     </span>
     <span class='ocr_line' id='line_1_19' title="bbox 152 1467 1597 1527; baseline 0.003 -17"><span class='ocrx_word' id='word_1_173' title='bbox 152 1474 245 1512; x_wconf 87' lang='lat' dir='ltr'>dum</span> <span class='ocrx_word' id='word_1_174' title='bbox 264 1486 340 1526; x_wconf 89' lang='lat' dir='ltr'>per</span> <span class='ocrx_word' id='word_1_175' title='bbox 357 1471 500 1524; x_wconf 83' lang='lat' dir='ltr'>plureis</span> <span class='ocrx_word' id='word_1_176' title='bbox 517 1498 528 1514; x_wconf 92' lang='lat'>‚</span> <span class='ocrx_word' id='word_1_177' title='bbox 558 1467 785 1524; x_wconf 79' lang='lat' dir='ltr'>praesertim</span> <span class='ocrx_word' id='word_1_178' title='bbox 802 1472 916 1510; x_wconf 76' lang='lat' dir='ltr'>tertia</span> <span class='ocrx_word' id='word_1_179' title='bbox 931 1484 1085 1524; x_wconf 86' lang='lat' dir='ltr'>quaque</span> <span class='ocrx_word' id='word_1_180' title='bbox 1108 1473 1171 1511; x_wconf 86' lang='lat' dir='ltr'>die</span> <span class='ocrx_word' id='word_1_181' title='bbox 1189 1472 1275 1527; x_wconf 86' lang='lat' dir='ltr'>post</span> <span class='ocrx_word' id='word_1_182' title='bbox 1290 1473 1492 1513; x_wconf 82' lang='lat' dir='ltr'>novilunia</span> <span class='ocrx_word' id='word_1_183' title='bbox 1509 1502 1519 1517; x_wconf 89' lang='lat'>,</span> <span class='ocrx_word' id='word_1_184' title='bbox 1553 1475 1597 1514; x_wconf 65' lang='grc' dir='ltr'>ἅ</span> 
     </span>
     <span class='ocr_line' id='line_1_20' title="bbox 155 1527 1595 1584; baseline 0.002 -16"><span class='ocrx_word' id='word_1_185' title='bbox 155 1527 241 1582; x_wconf 84' lang='lat' dir='ltr'>post</span> <span class='ocrx_word' id='word_1_186' title='bbox 271 1527 511 1582; x_wconf 85' lang='lat' dir='ltr'>plenilunia‚</span> <span class='ocrx_word' id='word_1_187' title='bbox 543 1539 667 1580; x_wconf 87' lang='lat' dir='ltr'>eoque</span> <span class='ocrx_word' id='word_1_188' title='bbox 702 1527 824 1578; x_wconf 86' lang='lat' dir='ltr'>magis</span> <span class='ocrx_word' id='word_1_189' title='bbox 855 1540 900 1566; x_wconf 83' lang='lat' dir='ltr'>ea.</span> <span class='ocrx_word' id='word_1_190' title='bbox 928 1527 1063 1569; x_wconf 88' lang='lat' dir='ltr'>Luna,</span> <span class='ocrx_word' id='word_1_191' title='bbox 1089 1542 1188 1582; x_wconf 86' lang='lat' dir='ltr'>quae</span> <span class='ocrx_word' id='word_1_192' title='bbox 1218 1527 1378 1570; x_wconf 83' lang='lat' dir='ltr'>solstitia</span> <span class='ocrx_word' id='word_1_193' title='bbox 1412 1532 1595 1584; x_wconf 83' lang='lat' dir='ltr'>proxime</span> 
     </span>
     <span class='ocr_line' id='line_1_21' title="bbox 155 1581 1597 1641; baseline 0.003 -19"><span class='ocrx_word' id='word_1_194' title='bbox 155 1584 327 1638; x_wconf 61' lang='lat' dir='ltr'>sequitur</span> <span class='ocrx_word' id='word_1_195' title='bbox 346 1611 357 1626; x_wconf 86' lang='lat'>‚</span> <span class='ocrx_word' id='word_1_196' title='bbox 385 1598 486 1637; x_wconf 89' lang='lat' dir='ltr'>qua,</span> <span class='ocrx_word' id='word_1_197' title='bbox 516 1594 561 1622; x_wconf 87' lang='lat' dir='ltr'>ut</span> <span class='ocrx_word' id='word_1_198' title='bbox 591 1581 699 1636; x_wconf 76' lang='lat' dir='ltr'>saepe</span> <span class='ocrx_word' id='word_1_199' title='bbox 725 1582 897 1623; x_wconf 85' lang='lat' dir='ltr'>diximus</span> <span class='ocrx_word' id='word_1_200' title='bbox 914 1611 925 1627; x_wconf 94' lang='lat'>‚</span> <span class='ocrx_word' id='word_1_201' title='bbox 957 1586 1123 1636; x_wconf 86' lang='lat' dir='ltr'>majores</span> <span class='ocrx_word' id='word_1_202' title='bbox 1139 1585 1258 1625; x_wconf 80' lang='lat' dir='ltr'>aestus</span> <span class='ocrx_word' id='word_1_203' title='bbox 1279 1587 1384 1641; x_wconf 82' lang='lat' dir='ltr'>apud</span> <span class='ocrx_word' id='word_1_204' title='bbox 1410 1601 1480 1626; x_wconf 88' lang='lat' dir='ltr'>nos</span> <span class='ocrx_word' id='word_1_205' title='bbox 1504 1602 1597 1628; x_wconf 77' lang='lat' dir='ltr'>con·</span> 
     </span>
     <span class='ocr_line' id='line_1_22' title="bbox 157 1637 1598 1696; baseline 0.001 -15"><span class='ocrx_word' id='word_1_206' title='bbox 157 1644 315 1695; x_wconf 86' lang='lat' dir='ltr'>tingunt</span> <span class='ocrx_word' id='word_1_207' title='bbox 333 1667 341 1674; x_wconf 84' lang='lat'><strong><em>.</em></strong></span> <span class='ocrx_word' id='word_1_208' title='bbox 370 1637 667 1680; x_wconf 80' lang='lat' dir='ltr'>Observandum</span> <span class='ocrx_word' id='word_1_209' title='bbox 700 1637 752 1677; x_wconf 87' lang='lat' dir='ltr'>est</span> <span class='ocrx_word' id='word_1_210' title='bbox 774 1638 1028 1692; x_wconf 86' lang='lat' dir='ltr'>Aquistitium</span> <span class='ocrx_word' id='word_1_211' title='bbox 1049 1669 1058 1682; x_wconf 87' lang='lat'><em>,</em></span> <span class='ocrx_word' id='word_1_212' title='bbox 1091 1643 1425 1696; x_wconf 77' lang='lat' dir='ltr'>quemadmodum</span> <span class='ocrx_word' id='word_1_213' title='bbox 1454 1655 1598 1684; x_wconf 73' lang='lat' dir='ltr'>eventa.</span> 
     </span>
     <span class='ocr_line' id='line_1_23' title="bbox 156 1693 1597 1756; baseline 0.003 -22"><span class='ocrx_word' id='word_1_214' title='bbox 156 1697 290 1737; x_wconf 85' lang='lat' dir='ltr'>omnia</span> <span class='ocrx_word' id='word_1_215' title='bbox 321 1698 436 1735; x_wconf 80' lang='lat' dir='ltr'>maris</span> <span class='ocrx_word' id='word_1_216' title='bbox 469 1723 479 1738; x_wconf 88' lang='lat'><strong><em>‚</em></strong></span> <span class='ocrx_word' id='word_1_217' title='bbox 511 1693 771 1739; x_wconf 82' lang='lat' dir='ltr'>manifestius,</span> <span class='ocrx_word' id='word_1_218' title='bbox 796 1695 839 1734; x_wconf 85' lang='lat'>&amp;</span> <span class='ocrx_word' id='word_1_219' title='bbox 868 1697 989 1750; x_wconf 77' lang='lat' dir='ltr'>magis</span> <span class='ocrx_word' id='word_1_220' title='bbox 1022 1698 1252 1739; x_wconf 87' lang='lat' dir='ltr'>diuturnum</span> <span class='ocrx_word' id='word_1_221' title='bbox 1281 1698 1353 1742; x_wconf 83' lang='lat' dir='ltr'>effe</span> <span class='ocrx_word' id='word_1_222' title='bbox 1381 1700 1597 1756; x_wconf 81' lang='lat' dir='ltr'>tranquillo</span> 
     </span>
     <span class='ocr_line' id='line_1_24' title="bbox 159 1749 1049 1806; baseline -0.006 -13"><span class='ocrx_word' id='word_1_223' title='bbox 159 1754 285 1796; x_wconf 82' lang='lat' dir='ltr'>mari,</span> <span class='ocrx_word' id='word_1_224' title='bbox 312 1765 430 1806; x_wconf 85' lang='lat' dir='ltr'>quam</span> <span class='ocrx_word' id='word_1_225' title='bbox 456 1753 558 1791; x_wconf 78' lang='lat' dir='ltr'>irato</span> <span class='ocrx_word' id='word_1_226' title='bbox 579 1751 621 1790; x_wconf 86' lang='lat'>&amp;</span> <span class='ocrx_word' id='word_1_227' title='bbox 642 1749 821 1791; x_wconf 72' lang='lat' dir='ltr'>flucstibus</span> <span class='ocrx_word' id='word_1_228' title='bbox 842 1751 1024 1792; x_wconf 73' lang='lat' dir='ltr'>concusso</span> <span class='ocrx_word' id='word_1_229' title='bbox 1042 1782 1049 1788; x_wconf 93' lang='lat'><em>.</em></span> 
     </span>
    </p>
   </div>
   <div class='ocr_carea' id='block_1_4' title="bbox 544 1878 1218 1926">
    <p class='ocr_par' dir='ltr' id='par_1_7' title="bbox 544 1878 1218 1926">
     <span class='ocr_line' id='line_1_25' title="bbox 544 1878 1218 1926; baseline 0.007 -5"><span class='ocrx_word' id='word_1_230' title='bbox 544 1878 1094 1926; x_wconf 67' lang='lat' dir='ltr'><em>PR‘OPOSITIO</em></span> <span class='ocrx_word' id='word_1_231' title='bbox 1162 1886 1218 1925; x_wconf 86' lang='lat' dir='ltr'>X.</span> 
     </span>
    </p>
   </div>
   <div class='ocr_carea' id='block_1_5' title="bbox 163 2011 1603 2486">
    <p class='ocr_par' dir='ltr' id='par_1_8' title="bbox 163 2011 1603 2486">
     <span class='ocr_line' id='line_1_26' title="bbox 163 2011 1602 2078; baseline 0.004 -17"><span class='ocrx_word' id='word_1_232' title='bbox 163 2014 382 2078; x_wconf 78' lang='lat' dir='ltr'>Qioniam</span> <span class='ocrx_word' id='word_1_233' title='bbox 421 2016 540 2061; x_wconf 82' lang='lat' dir='ltr'>Mare</span> <span class='ocrx_word' id='word_1_234' title='bbox 583 2011 698 2076; x_wconf 88' lang='lat' dir='ltr'>apud</span> <span class='ocrx_word' id='word_1_235' title='bbox 727 2029 807 2060; x_wconf 90' lang='lat' dir='ltr'>nos</span> <span class='ocrx_word' id='word_1_236' title='bbox 842 2016 931 2060; x_wconf 79' lang='lat' dir='ltr'>Ora</span> <span class='ocrx_word' id='word_1_237' title='bbox 966 2030 1155 2063; x_wconf 86' lang='lat' dir='ltr'>extrema</span> <span class='ocrx_word' id='word_1_238' title='bbox 1193 2033 1320 2065; x_wconf 88' lang='lat' dir='ltr'>tenue</span> <span class='ocrx_word' id='word_1_239' title='bbox 1361 2019 1602 2068; x_wconf 87' lang='lat' dir='ltr'>admodum</span> 
     </span>
     <span class='ocr_line' id='line_1_27' title="bbox 231 2094 1601 2150; baseline 0.004 -7"><span class='ocrx_word' id='word_1_240' title='bbox 231 2098 322 2149; x_wconf 79' lang='lat' dir='ltr'>est,</span> <span class='ocrx_word' id='word_1_241' title='bbox 348 2098 390 2142; x_wconf 94' lang='lat' dir='ltr'>in</span> <span class='ocrx_word' id='word_1_242' title='bbox 422 2094 557 2142; x_wconf 83' lang='lat' dir='ltr'>Fluxu</span> <span class='ocrx_word' id='word_1_243' title='bbox 597 2094 781 2142; x_wconf 89' lang='lat' dir='ltr'>multum</span> <span class='ocrx_word' id='word_1_244' title='bbox 804 2095 993 2141; x_wconf 77' lang='lat' dir='ltr'>¹Littoris</span> <span class='ocrx_word' id='word_1_245' title='bbox 1027 2096 1151 2144; x_wconf 86' lang='lat' dir='ltr'>alluit</span> <span class='ocrx_word' id='word_1_246' title='bbox 1170 2127 1184 2150; x_wconf 84' lang='lat'>,</span> <span class='ocrx_word' id='word_1_247' title='bbox 1210 2100 1254 2142; x_wconf 87' lang='lat'>&amp;</span> <span class='ocrx_word' id='word_1_248' title='bbox 1292 2101 1336 2146; x_wconf 89' lang='lat' dir='ltr'>in</span> <span class='ocrx_word' id='word_1_249' title='bbox 1356 2100 1537 2148; x_wconf 84' lang='lat' dir='ltr'>Refluxu</span> <span class='ocrx_word' id='word_1_250' title='bbox 1576 2119 1601 2148; x_wconf 85' lang='lat' dir='ltr'>a</span> 
     </span>
     <span class='ocr_line' id='line_1_28' title="bbox 229 2174 1600 2244; baseline 0 -20"><span class='ocrx_word' id='word_1_251' title='bbox 229 2179 412 2225; x_wconf 84' lang='lat' dir='ltr'>Littore·</span> <span class='ocrx_word' id='word_1_252' title='bbox 428 2174 614 2224; x_wconf 89' lang='lat' dir='ltr'>multum</span> <span class='ocrx_word' id='word_1_253' title='bbox 646 2176 796 2223; x_wconf 89' lang='lat' dir='ltr'>itidem</span> <span class='ocrx_word' id='word_1_254' title='bbox 815 2175 1007 2224; x_wconf 86' lang='lat' dir='ltr'>recedit.</span> <span class='ocrx_word' id='word_1_255' title='bbox 1048 2178 1243 2228; x_wconf 78' lang='lat' dir='ltr'>Receffus</span> <span class='ocrx_word' id='word_1_256' title='bbox 1275 2181 1348 2229; x_wconf 78' lang='lat' dir='ltr'>iste</span> <span class='ocrx_word' id='word_1_257' title='bbox 1383 2181 1530 2244; x_wconf 78' lang='lat' dir='ltr'>aliquo</span> <span class='ocrx_word' id='word_1_258' title='bbox 1557 2183 1600 2230; x_wconf 83' lang='lat' dir='ltr'>in</span> 
     </span>
     <span class='ocr_line' id='line_1_29' title="bbox 229 2256 1603 2322; baseline 0.003 -16"><span class='ocrx_word' id='word_1_259' title='bbox 229 2258 330 2307; x_wconf 89' lang='lat' dir='ltr'>loco</span> <span class='ocrx_word' id='word_1_260' title='bbox 361 2258 418 2305; x_wconf 85' lang='lat' dir='ltr'>ad</span> <span class='ocrx_word' id='word_1_261' title='bbox 453 2256 662 2305; x_wconf 89' lang='lat' dir='ltr'>ducentos</span> <span class='ocrx_word' id='word_1_262' title='bbox 677 2257 823 2322; x_wconf 44' lang='lat' dir='ltr'>Pedes·</span> <span class='ocrx_word' id='word_1_263' title='bbox 845 2259 1151 2308; x_wconf 86' lang='lat' dir='ltr'>Ariminenseis</span> <span class='ocrx_word' id='word_1_264' title='bbox 1185 2262 1442 2312; x_wconf 83' lang='lat' dir='ltr'>exstenditur</span> <span class='ocrx_word' id='word_1_265' title='bbox 1462 2297 1474 2310; x_wconf 89' lang='lat'><strong>.</strong></span> <span class='ocrx_word' id='word_1_266' title='bbox 1509 2265 1603 2311; x_wconf 83' lang='lat' dir='ltr'>Pari</span> 
     </span>
     <span class='ocr_line' id='line_1_30' title="bbox 234 2337 1602 2394; baseline 0.006 -9"><span class='ocrx_word' id='word_1_267' title='bbox 234 2341 403 2387; x_wconf 88' lang='lat' dir='ltr'>ratione</span> <span class='ocrx_word' id='word_1_268' title='bbox 442 2337 552 2386; x_wconf 87' lang='lat' dir='ltr'>redit</span> <span class='ocrx_word' id='word_1_269' title='bbox 588 2339 630 2387; x_wconf 90' lang='lat' dir='ltr'>in</span> <span class='ocrx_word' id='word_1_270' title='bbox 662 2338 868 2394; x_wconf 79' lang='lat' dir='ltr'>Acceffu‚</span> <span class='ocrx_word' id='word_1_271' title='bbox 906 2342 951 2386; x_wconf 62' lang='grc' dir='ltr'>δέ</span> <span class='ocrx_word' id='word_1_272' title='bbox 998 2342 1042 2387; x_wconf 87' lang='lat' dir='ltr'>in</span> <span class='ocrx_word' id='word_1_273' title='bbox 1078 2339 1347 2392; x_wconf 86' lang='lat' dir='ltr'>Fluminibus</span> <span class='ocrx_word' id='word_1_274' title='bbox 1379 2343 1434 2393; x_wconf 83' lang='lat' dir='ltr'>ad</span> <span class='ocrx_word' id='word_1_275' title='bbox 1484 2345 1602 2393; x_wconf 89' lang='lat' dir='ltr'>mille</span> 
     </span>
     <span class='ocr_line' id='line_1_31' title="bbox 233 2417 1601 2486; baseline 0.005 -18"><span class='ocrx_word' id='word_1_276' title='bbox 233 2417 374 2470; x_wconf 75' lang='lat' dir='ltr'>Passus</span> <span class='ocrx_word' id='word_1_277' title='bbox 406 2422 491 2471; x_wconf 85' lang='lat' dir='ltr'>vim</span> <span class='ocrx_word' id='word_1_278' title='bbox 521 2422 640 2472; x_wconf 86' lang='lat' dir='ltr'>suam</span> <span class='ocrx_word' id='word_1_279' title='bbox 674 2422 859 2472; x_wconf 86' lang='lat' dir='ltr'>ostendit</span> <span class='ocrx_word' id='word_1_280' title='bbox 885 2455 896 2468; x_wconf 94' lang='lat'><strong><em>.</em></strong></span> <span class='ocrx_word' id='word_1_281' title='bbox 946 2421 1092 2486; x_wconf 84' lang='lat' dir='ltr'>Vulgo</span> <span class='ocrx_word' id='word_1_282' title='bbox 1139 2426 1305 2485; x_wconf 81' lang='lat' dir='ltr'>accedit</span> <span class='ocrx_word' id='word_1_283' title='bbox 1339 2427 1406 2478; x_wconf 83' lang='lat' dir='ltr'>vel</span> <span class='ocrx_word' id='word_1_284' title='bbox 1439 2425 1601 2476; x_wconf 86' lang='lat' dir='ltr'>recedit</span> 
     </span>
    </p>
   </div>
   <div class='ocr_carea' id='block_1_6' title="bbox 1470 2510 1604 2548">
    <p class='ocr_par' dir='ltr' id='par_1_9' title="bbox 1470 2510 1604 2548">
     <span class='ocr_line' id='line_1_32' title="bbox 1470 2510 1604 2548; baseline -0.007 0"><span class='ocrx_word' id='word_1_285' title='bbox 1470 2510 1604 2548; x_wconf 80' lang='lat' dir='ltr'>decem</span> 
     </span>
    </p>
   </div>
  </div>
 </body>
</html>
