1814 2902
220 232 270 271 s2
663 219 1216 263 SPECIMEN

218 304 351 342 uncias
369 330 379 345 ,
412 301 473 342 seu
501 301 665 357 pollices
697 314 842 344 vocant
859 335 870 350 ,
895 303 1126 362 dispescitur
1148 305 1220 351 ,&
1250 302 1419 360 singulae
1449 309 1588 350 unciae
1619 309 1662 348 in

222 358 359 398 decem
391 357 483 398 alias
516 362 661 414 parteis
687 391 698 406 ,
728 375 828 416 quae
860 375 980 416 grana
1009 362 1072 404 vel
1102 361 1227 402 lineae
1265 374 1461 404 vocantur
1488 392 1497 401 .
1526 367 1663 419 Qare

221 415 462 510 comgcmdae
486 416 659 515 mtliltum
680 418 730 458 ad
762 417 829 458 has
859 434 919 461 res
950 418 1148 460 mensurae
1165 418 1342 467 nostrae,
1371 421 1664 476 quia&maj0-

221 485 280 510 res
379 486 531 514 memma
549 488 586 516 es
603 500 613 510 ·

242 586 1637 626 QQQQQQQQQQQQQQQ
1711 645 1714 647 Α

628 686 1176 734 PROPOSITIO
1237 687 1272 730 I.

215 802 374 854 Fluxus
407 808 452 852 &
482 806 666 856 refluxus
690 837 704 863 ‚
742 809 813 859 seu
845 810 979 860 aestus
1017 810 1259 859 maritimus
1298 807 1354 856 acl
1376 809 1516 858 Littus
1552 813 1660 859 Por-

283 901 462 950 tumque
501 889 680 936 Arimini
717 905 817 938 toto
852 907 965 940 anno
999 894 1058 939 est
1090 893 1352 943 continuus,
1389 893 1434 936 ὃ(
1467 893 1550 940 diei
1576 908 1653 942 na-

285 967 434 1016 turalis
462 971 602 1035 spatio
620 970 683 1019 bis
717 972 875 1022 accidit
906 970 1060 1021 Fluxus
1079 1002 1094 1028 2
1131 970 1255 1022 &bis
1286 972 1488 1023 Refluxus
1508 1005 1520 1020 .

646 1098 1242 1141 SCHOLIVM.

208 1209 315 1296 H
332 1211 402 1250 Vic
437 1209 708 1267 propositioni
739 1213 794 1253 nil
824 1212 902 1256 fere
930 1214 1119 1255 adnotare
1147 1210 1345 1269 possumus
1365 1241 1373 1250 .
1406 1210 1546 1263 Qum
1562 1212 1659 1254 dici-

348 1282 431 1307 mus
462 1268 591 1322 i'patio
618 1271 698 1312 diei
723 1273 906 1312 naturalis
935 1273 994 1312 bis
1022 1271 1199 1311 accidere
1224 1280 1436 1324 utrumque
1462 1300 1474 1315 ‚
1503 1265 1655 1309 fluxum

207 1323 359 1365 scilicet
392 1326 434 1363 ὃς
465 1325 687 1372 refluxum,
716 1328 756 1367 id
785 1327 956 1380 intelligi
973 1327 1154 1369 volumus
1186 1326 1313 1381 spatio
1342 1326 1662 1380 vigintiquatuor

209 1381 398 1423 horarum
416 1412 424 1426 ‚
451 1382 569 1436 idque
584 1384 707 1424 etiam
724 1383 808 1424 lato
829 1385 1002 1439 quodam
1022 1383 1146 1423 modo
1164 1410 1175 1426 ,
1204 1396 1296 1422 nam
1313 1382 1512 1423 interdum
1530 1378 1660 1436 spatio

208 1440 378 1492 majori,
408 1439 609 1480 interdum
629 1442 775 1481 minori
804 1453 970 1495 uterque
988 1440 1233 1484 absolvitur3
1257 1438 1495 1494 Plerumque
1527 1447 1662 1479 tamen

206 1494 333 1551 spatio
366 1496 503 1549 paullo
530 1499 674 1549 majori
691 1496 914 1539 absolvitur
930 1524 939 1534 .

593 1615 1135 1662 PROPOSITIO
1203 1615 1269 1658 ΙΙ.

204 1739 345 1799 Major
381 1753 526 1786 tamen
560 1739 617 1786 est
645 1739 801 1788 Fluxus
836 1742 881 1785 &
909 1738 1111 1790 Refluxus
1141 1737 1185 1785 in
1215 1735 1445 1786 noviluniis
1485 1737 1531 1785 δᾶ
1561 1734 1653 1803 ple-

271 1818 439 1868 niluniis
460 1849 475 1874 >
510 1819 642 1884 idque
679 1820 928 1884 praesertim
962 1820 1086 1868 tertia
1113 1819 1184 1866 die
1213 1822 1309 1883 post
1348 1818 1616 1868 novilunium
1635 1849 1652 1876 ,

269 1904 314 1947 &
349 1902 444 1965 post
468 1898 753 1964 plenilunIum
775 1931 788 1955 ³
826 1902 1016 1966 quamin
1035 1901 1165 1949 lunae
1188 1930 1202 1954 ,
1241 1918 1288 1950 ut
1323 1917 1511 1956 vocant,
1540 1917 1651 1965 qua-

266 1981 451 2029 draturis
471 2016 482 2028 .
518 1982 674 2032 Fluxus
711 1983 888 2047 quidem
922 1986 965 2030 in
1000 1984 1194 2048 syzygiis
1227 1982 1365 2048 duplo
1399 1984 1535 2044 major
1565 1981 1654 2032 fere

265 2065 324 2113 est
358 2095 372 2120 ,
417 2079 548 2128 quam
596 2064 734 2113 fluxus
787 2068 830 2112 in
884 2064 1158 2130 quadraturis
1202 2101 1215 2114 .
1259 2070 1410 2125 Quare
1455 2063 1486 2112 si
1532 2080 1651 2112 mare

265 2146 467 2195 ascendat
501 2145 556 2193 ad
594 2148 938 2212 vigintiquatuor
970 2151 1114 2197 uncias
1146 2178 1160 2203 2
1196 2149 1267 2197 seu
1303 2146 1499 2213 polliceis
1537 2147 1637 2193 Ari-

267 2228 494 2276 minenseis
534 2227 578 2275 in
613 2229 834 2277 novilunio
864 2261 879 2285 ,
924 2228 980 2278 ad
1013 2230 1248 2280 duodecim
1287 2246 1456 2279 tantum
1494 2233 1638 2279 uncias

269 2308 466 2356 ascendet
498 2309 557 2355 in·
577 2311 840 2374 quadratura
860 2347 872 2360 .
918 2315 983 2361 Ita
1015 2315 1296 2380 proportione
1330 2312 1439 2364 fasta
1464 2312 1639 2370 descenf

273 2391 346 2438 det
378 2393 420 2438 in
455 2394 615 2442 refluxu
638 2429 648 2442 .

1500 2525 1526 2565 S
1526 2525 1556 2565 C
1557 2522 1645 2564 HO-
