1814 2902
189 221 243 255 74
664 209 1222 255 S-PECIMEN

193 303 305 334 vetus
335 296 491 348 antiqui
522 291 641 334 nostri
667 295 806 336 Portus
841 296 969 339 multo
1007 301 1271 356 propinquior
1301 299 1355 341 est
1381 301 1497 345 hodie
1529 307 1658 353 mari}

192 353 312 406 quarn
343 360 428 390 erat
454 351 618 405 triginta
646 351 813 394 abheinc
843 356 953 396 annis
971 386 982 402 ‚
1013 367 1059 397 ut
1073 371 1149 412 ego
1166 359 1326 398 memini
1343 386 1353 394 ·
1385 358 1549 402 Fortasse
1578 378 1661 405 ma-

193 421 237 447 re
267 405 386 448 hodie
403 408 509 463 apud
525 423 596 449 nos
614 407 748 452 senfim
772 425 1007 467 recuperare
1020 424 1152 455 tentat
1168 443 1178 459 ‚
1210 415 1318 471 quod
1334 415 1432 456 olim
1448 416 1632 461 amiserat
1646 450 1659 467 ‚

191 472 310 518 atque
338 461 367 504 fi
381 464 456 504 hac
482 467 637 508 ratione
667 468 890 522 procedat,
905 467 1028 524 ipsam
1043 472 1182 513 urbem
1198 471 1368 513 nostram
1385 474 1542 514 tandem
1559 489 1661 517 mer-

190 530 257 575 get
273 548 284 564 ,
315 520 542 576 praesertim
574 535 715 578 portus
741 523 993 572 suburbium,
1027 527 1071 567 &
1095 529 1177 570 vias
1206 528 1290 570 illas
1315 544 1450 571 recens
1465 531 1659 584 adjectas.

188 574 256 618 nisi
271 580 479 633 aggeribus
509 578 619 620 faecis
637 582 723 626 ,uti
753 582 860 637 apud
874 584 1042 625 Batavos
1065 612 1078 628 ‚
1107 586 1170 627 vel
1187 585 1408 627 elevatione
1439 586 1548 642 plani
1577 591 1660 631 via-

189 649 298 678 rum,
315 635 425 690 quod
438 639 706 693 opportunius
722 636 788 685 est,
803 639 895 681 huic
912 641 1020 682 malo
1037 639 1304 697 prospiciatur
1321 673 1329 682 .
1345 642 1435 684 Hoc
1450 646 1570 685 etiam
1588 647 1661 687 ob-

188 689 345 733 servasse
376 693 584 735 Romanos
613 694 808 750 aliquibus
825 698 868 738 in
885 696 982 739 locis
1015 698 1122 754 apud
1151 713 1222 740 nos
1251 714 1358 741 mare
1387 701 1574 743 accedere
1602 704 1659 744 vi-

189 748 331 794 detur;
362 764 453 791 nam
486 753 607 793 tertio
634 753 686 793 ab
712 754 810 795 urbe
838 753 968 796 nostra
999 756 1152 812 lapide,
1185 757 1255 798 ubi
1284 759 1502 797 etiamnum
1531 759 1659 815 Gippi

187 804 311 860 aliqui
343 807 520 849 milliarii
553 820 704 851 veteres
733 809 934 867 supersunt
963 840 974 857 ‚
1003 815 1044 853 in
1076 815 1142 855 via
1168 813 1360 855 Flaminia
1390 828 1573 869 aggerem
1600 815 1660 856 al-

187 860 374 905 tiffimum
398 878 447 905 ex
476 877 660 908 cemento
690 869 735 908 &
763 867 897 921 glarea
926 868 1228 912 construxerunt
1243 871 1295 911 ad
1312 870 1437 911 multa
1454 871 1661 919 milliaria,

187 930 233 960 ut
263 922 328 962 via
350 921 424 980 lilla
456 937 478 962 a
505 922 689 965 fluctibus
719 927 836 965 maris
866 937 1061 982 perpetuo
1092 929 1248 967 munita
1277 926 1381 967 foret
1402 957 1415 974 ,
1444 930 1512 981 qui
1541 942 1662 982 agger

188 975 318 1018 adhuc
339 976 472 1021 vifitur
494 1008 504 1024 ‚
529 982 574 1021 &
599 980 803 1022 aMiffone
829 984 869 1023 in
898 981 967 1024 suo
995 985 1208 1024 Itinerario
1223 995 1492 1029 memoratur,
1523 998 1663 1038 quam..

188 1048 308 1089 quam
333 1036 603 1090 imprudentia
631 1037 858 1080 nostrorum
885 1042 926 1081 in
957 1041 1040 1082 dies
1057 1040 1275 1082 destruatur
1291 1069 1302 1085 ‚
1329 1052 1515 1081 cemento
1533 1041 1603 1082 illo
1619 1043 1661 1082 in

187 1092 282 1132 alios
309 1091 391 1133 usus
409 1095 489 1135 alio
504 1094 714 1137 transsato.
743 1097 866 1152 Apud
895 1096 1101 1139 Fanestreis
1131 1100 1251 1139 etiam
1268 1128 1279 1144 ‚
1306 1109 1354 1139 ut
1383 1111 1433 1138 ex
1464 1097 1659 1152 aliquibus

186 1147 350 1190 eruditis
384 1150 487 1191 illius
504 1154 689 1193 Civitatis
706 1155 846 1209 accepi
863 1182 874 1197 ‚
905 1153 1010 1195 fama
1026 1154 1081 1196 est
1096 1170 1204 1197 mare
1220 1154 1340 1196 hodie
1371 1157 1659 1210 proquinquius

188 1204 260 1246 effe
283 1207 373 1247 urbi
402 1222 541 1248 eorum
558 1239 569 1254 ‚
599 1223 719 1265 quam
735 1209 864 1251 fuerat
889 1223 982 1252 ante
998 1241 1010 1256 ‚
1043 1225 1136 1251 nam
1159 1211 1287 1252 nescio
1316 1225 1412 1266 quas
1437 1222 1584 1252 veteres
1601 1214 1660 1252 in-

186 1259 417 1319 scriptiones
449 1263 695 1321 sepulcraleis
720 1267 769 1308 ad
799 1281 907 1308 mare
921 1269 961 1307 in
990 1269 1251 1309 excavatione
1279 1269 1374 1309 novi
1395 1282 1534 1308 eorum
1567 1283 1660 1323 por-

185 1331 246 1358 tus
277 1319 458 1362 invenisse
489 1322 701 1377 perhibent
718 1351 727 1360 -
757 1323 830 1364 Sed
858 1326 1079 1365 maximum
1093 1324 1321 1378 exemplum
1336 1321 1562 1364 accessionis
1578 1339 1660 1366 ma-

187 1377 236 1415 ris
277 1376 500 1419 Hadriatici
530 1407 541 1423 ‚
572 1381 615 1420 &
644 1380 828 1435 ingreffus
855 1382 898 1422 in
928 1393 1051 1423 terras
1083 1411 1094 1426 ‚
1125 1382 1168 1421 in
1198 1381 1350 1434 magnis
1379 1379 1527 1422 lacunis
1552 1411 1564 1428 ,
1594 1379 1660 1423 seu

185 1433 351 1475 vallibus
368 1466 379 1481 ‚
403 1447 449 1476 ut
478 1448 651 1481 vocant,
682 1439 893 1482 Comacli‚
924 1439 1116 1480 habemus
1134 1465 1143 1475 .
1177 1439 1286 1478 Nam
1315 1438 1406 1478 urbs
1436 1436 1534 1481 ista,
1559 1452 1661 1493 quae

185 1491 424 1545 Cyrnaclum
454 1493 647 1548 aliquibus
676 1496 852 1541 dicitur,
882 1496 991 1549 quod
1018 1493 1120 1549 quasi
1137 1493 1355 1536 eflud’cibus
1388 1497 1505 1535 maris
1534 1508 1661 1536 emer-

185 1545 302 1593 serit,
330 1562 510 1604 quaeque
540 1552 580 1591 in
609 1551 744 1592 medio
774 1551 1007 1593 lacunarum
1021 1550 1146 1592 modo
1172 1549 1243 1591 fita
1272 1549 1352 1593 est,
1383 1561 1429 1591 ut
1453 1551 1553 1591 olim
1576 1553 1660 1592 Ra-

183 1617 338 1652 venna,
367 1608 412 1647 &
440 1621 544 1649 nunc
573 1604 807 1663 amplissima
836 1610 1117 1654 Venetiam,
1147 1622 1280 1648 recens
1306 1607 1522 1648 admodum
1548 1608 1660 1650 vide-

189 1675 254 1704 tur
270 1690 282 1706 ,
313 1677 435 1718 quum
455 1678 513 1705 eo
544 1667 583 1705 in
613 1665 710 1706 loco
725 1665 844 1707 multi
859 1667 1101 1707 arbitrentur
1120 1665 1282 1718 Spinam
1300 1665 1438 1705 urbem
1454 1663 1553 1705 olim
1570 1662 1656 1705 fuis·

186 1718 247 1766 se,
275 1722 385 1774 cujus
414 1723 595 1763 meminit
623 1723 766 1764 Strabo
794 1727 887 1773 (a),
917 1723 961 1762 &
989 1720 1198 1778 Dionyfius
1227 1720 1534 1762 Halicarnasseus
1564 1750 1576 1767 ,
1611 1722 1658 1762 &

186 1778 337 1832 primus
365 1779 526 1832 quidem
557 1789 762 1836 tamquam
776 1779 933 1836 Oppidi
961 1777 1033 1819 suis
1060 1779 1305 1833 temporibus
1330 1780 1372 1818 in
1387 1779 1654 1823 Continenti,

185 1835 229 1874 &
259 1850 281 1874 a
311 1837 412 1876 mari
442 1848 509 1876 xc.
553 1836 683 1876 stadiis
712 1836 889 1876 distantis
923 1851 934 1879 ;
977 1846 1156 1875 attamen
1196 1835 1286 1874 urbs
1316 1834 1501 1874 Comacli
1533 1834 1654 1876 hodie

187 1892 237 1932 ad
268 1905 376 1931 mare
405 1906 505 1947 pene
535 1891 615 1936 est,
647 1893 901 1946 marinaeque
933 1894 1013 1944 ejus
1029 1892 1209 1932 Lacunae
1240 1891 1289 1931 ad
1307 1903 1373 1930 Lx.
1406 1890 1531 1931 millia
1560 1889 1652 1931 Pas-

188 1946 355 1987 suumin
375 1948 648 2003 longitudine,
676 1949 721 1988 &
736 1949 786 1989 ad
803 1948 1031 2003 quindecim
1047 1950 1087 1988 in
1100 1947 1312 1988 latitudine
1337 1947 1654 2003 protenduntur.

186 2005 320 2058 Atque
350 2005 407 2046 ibi
434 2006 476 2045 in
505 2007 615 2047 novis
646 2005 805 2046 aedibus
835 2033 847 2049 ‚
886 2004 950 2046 vel
990 2002 1181 2046 aedificiis
1223 2002 1295 2044 suis
1337 2002 1557 2060 piscatoriis
1586 2017 1654 2047 ex-

152 2081 162 2084 <
186 2060 371 2103 struendis
401 2059 538 2117 paffim
568 2061 744 2118 sepulcra
779 2063 823 2103 &
857 2063 998 2105 rudera
1026 2072 1203 2103 veterum
1242 2062 1399 2101 aedium
1433 2062 1537 2102 intra
1566 2060 1650 2104 illas

187 2118 345 2159 lacunas
377 2120 585 2160 inveniunt
614 2147 623 2156 .
669 2119 732 2160 Ibi
760 2121 867 2161 enim
896 2134 1002 2160 mare
1032 2117 1270 2173 recuperasse
1309 2118 1464 2159 videtur
1495 2145 1508 2160 ‚
1550 2131 1651 2172 quae

187 2176 431 2230 temporibus
463 2177 667 2218 Strabonis
697 2175 878 2218 amiserat
900 2205 909 2212 .
941 2176 1013 2217 Sed
1045 2176 1141 2231 quid
1171 2174 1259 2215 heic
1289 2175 1448 2230 Spinam
1480 2172 1650 2215 submer-

185 2229 291 2277 sam,
325 2235 369 2274 &
396 2235 580 2275 Comacli
608 2234 768 2275 lacunas
783 2248 991 2277 memoro,
1023 2245 1067 2274 ut
1082 2232 1299 2273 alluviones
1316 2233 1431 2272 maris
1456 2229 1577 2271 nostri
1604 2245 1649 2272 o-

187 2287 390 2330 stendam?
416 2292 581 2333 Concha
612 2290 695 2347 ipsa
723 2293 815 2333 urbs
844 2291 942 2332 olim
972 2291 1127 2332 decimo
1152 2288 1284 2344 lapide
1313 2290 1382 2329 vix
1413 2289 1462 2329 ab
1490 2288 1647 2330 urbe..-

188 2345 316 2389 nostra
345 2346 486 2389 distans
502 2377 514 2393 ‚
545 2352 587 2391 ὃ(
613 2349 663 2390 ad
676 2347 949 2391 Crustumium
979 2348 1145 2391 fluvium
1160 2343 1285 2402 posita
1303 2360 1434 2387 nonne
1461 2359 1486 2386 a
1513 2344 1647 2441 rpultis

1541 2415 1650 2444 aecu-

218 2537 257 2571 (a)
275 2538 372 2571 Strabo
393 2538 448 2569 zib.
462 2551 491 2570 v.
503 2539 652 2578 Gsograplz.
676 2539 793 2579 Dionyfi
826 2539 1000 2574 HaYixrrzas]
1026 2540 1160 2576 Aflztiquit.
1179 2538 1237 2571 Lib.
1250 2546 1274 2567 1.
