1814 2902
255 231 333 266 104
576 226 948 269 APPENDIX
1009 229 1359 271 SECVNDA.

247 309 292 348 ὃς
320 307 472 373 reliqua
507 310 593 354 sunt
621 311 768 369 figurae
785 314 982 358 Prismatis
999 315 1287 372 Triangularis.
1305 316 1428 359 Cibus
1445 315 1557 372 hujus
1574 319 1683 360 Con-

248 364 369 420 chyln
397 381 479 407 non
506 368 559 410 est
576 367 710 412 succus
727 372 930 428 Favaginis
947 404 957 419 ,
988 385 1035 416 ut
1061 374 1324 416 arbitrabatur
1349 375 1558 416 Zinannius
1575 402 1586 419 ,
1616 374 1680 416 sed

246 417 335 461 sunt
362 424 525 467 Cornua
548 426 804 473 Hammonis,
836 428 897 470 seu
929 429 1088 472 Nautili
1104 430 1187 477 illi,
1218 445 1314 486 quos
1345 429 1414 472 sub
1439 429 1502 486 fig.
1520 432 1571 472 11.
1601 432 1681 474 Ta-

245 476 360 519 bulae
390 481 419 521 1.
447 485 590 537 prioris
618 485 800 526 editionis
830 485 1039 543 descripsi,
1071 486 1257 529 refertum
1283 489 1389 529 enim
1420 501 1560 529 eorum
1590 502 1681 528 ven·

247 544 348 575 trem
375 536 600 592 hujusmodi
627 542 798 583 Nautilis
827 545 981 598 reperi;
1011 557 1132 598 quare
1161 543 1312 586 fortasse
1340 546 1416 585 tria
1445 544 1512 585 illa
1543 541 1681 585 officu-

246 590 285 632 la
310 606 332 631 a
363 593 518 638 Natura
547 596 642 639 data
670 596 756 639 sunt
784 599 876 641 huic
906 601 1132 656 Conchylio
1162 600 1212 642 ad
1235 602 1526 642 triturationem
1555 598 1683 654 hujus-

245 648 356 690 modi
384 652 465 692 cibi
495 653 583 694 duri
620 654 806 709 quidem,
838 659 882 697 ὃς
911 655 990 698 sere
1020 656 1191 713 lapidei.
1236 656 1451 699 Diffeetum
1478 657 1555 699 hoc
1585 658 1682 698 Ani-

246 704 327 766 mal
357 706 502 763 digitos
545 709 728 765 sanguine
758 710 991 760 inficits&
1019 714 1111 755 ideo
1136 728 1164 754 a
1194 714 1389 755 Zinannio
1420 713 1681 769 Sanguisuga‚

245 761 309 802 seu
340 762 497 808 Hirudo
527 768 830 823 appellabatur,
860 780 901 811 at
929 769 1078 827 sanguis
1102 772 1144 812 in
1158 774 1238 826 ejus
1269 772 1376 814 venis
1409 773 1610 828 gignitur,
1638 771 1681 811 &

248 834 327 860 uon
346 835 415 864 ore
442 822 583 879 sugunt
600 853 609 862 .

362 880 414 920 ΙΙ.
456 881 578 922 Nucis
603 885 776 926 marinae
805 885 1013 927 Gualterio
1030 916 1040 931 ‚
1069 886 1289 940 &Jujubae
1315 887 1486 927 marinae
1514 885 1652 928 nostris
1668 918 1679 932 ,

245 935 308 978 seu
331 937 521 980 Conchae
543 951 714 996 utroque
728 940 851 983 latere
880 941 915 983 se
941 942 1163 997 colligentis
1181 943 1286 982 Fabii
1308 943 1527 983 Columnae
1541 944 1681 984 Trium

245 991 498 1036 officulorum
541 994 683 1051 figuras
726 999 813 1040 heic
844 999 980 1040 damus
997 1028 1008 1043 ‚
1049 1013 1148 1055 quae
1175 1000 1309 1040 omnia
1351 1000 1546 1055 triquetra
1565 1027 1575 1043 ,
1618 999 1680 1040 seu

246 1051 504 1107 triangularia
518 1085 529 1100 ,
561 1067 630 1096 aut
660 1055 923 1110 pyramidalia
951 1055 1039 1096 sunt
1053 1084 1064 1100 ‚
1083 1058 1125 1097 &
1141 1057 1257 1111 nigro
1282 1054 1418 1097 colore
1448 1055 1598 1097 donata
1613 1055 1680 1098 sub

245 1109 405 1150 Litteris
437 1125 485 1150 m-
517 1127 544 1151 o.
571 1127 605 1152 n.
635 1113 734 1154 Tab·
754 1113 822 1153 XI.
848 1112 1048 1167 expreffa;
1079 1113 1299 1154 notandum
1319 1111 1372 1153 est
1389 1111 1486 1153 illud
1502 1111 1636 1154 littera
1651 1129 1678 1154 ο·

241 1178 430 1208 notatum
463 1166 534 1207 effe
565 1170 750 1209 naturalis
782 1170 1090 1224 magnitudinis,
1121 1170 1202 1211 duo
1225 1169 1378 1226 reliqua
1409 1171 1449 1209 in
1482 1180 1596 1224 parte
1612 1185 1680 1210 an-

244 1224 408 1269 teriori,
439 1225 482 1264 &
512 1224 641 1266 aversa
675 1226 723 1266 de
756 1227 858 1267 ista,
905 1226 1009 1266 lente
1038 1227 1164 1267 vitrea
1203 1225 1310 1266 fuiffe
1339 1227 1478 1266 auSta-
1512 1225 1681 1268 Diffecsta

242 1279 352 1321 Caro
376 1280 488 1332 hujus
504 1281 693 1322 Conchae
710 1240 895 1337 &nguine
911 1281 1037 1340 inficit
1052 1282 1199 1335 digitos
1216 1283 1275 1322 uti
1290 1283 1335 1322 &
1350 1281 1550 1337 superior.
1575 1293 1581 1296 ’

301 1336 374 1376 111.
407 1338 516 1377 Dum
530 1337 626 1379 haec
641 1339 857 1380 edebantur
885 1338 1004 1379 allata
1020 1337 1108 1378 sunt
1134 1338 1248 1378 nobis
1266 1339 1342 1377 tria
1356 1337 1540 1392 exempla
1557 1339 1681 1380 Nucis

248 1391 451 1447 cujusdam
471 1396 646 1436 marinae
670 1397 828 1449 majoris
843 1426 854 1441 ‚
880 1410 980 1451 quae
1006 1396 1046 1435 in
1060 1395 1198 1435 Indice
1214 1393 1475 1436 Gualteriano
1499 1394 1684 1449 amplissi-

245 1465 313 1492 mo
330 1449 433 1492 deest
448 1479 458 1494 ‚
475 1454 519 1492 &
535 1467 635 1506 quae
650 1451 938 1494 similitudinem
954 1452 1166 1507 quamdam
1182 1451 1301 1492 habet
1315 1466 1405 1492 cum
1420 1453 1536 1492 tertia
1556 1453 1596 1493 P.
1608 1454 1682 1494 Bo-

246 1509 366 1548 nanni
391 1509 431 1548 in
448 1507 566 1551 Claffi
590 1510 639 1549 de
653 1510 882 1551 Turbinatis
911 1509 1110 1550 collocata
1126 1539 1134 1547 .
1164 1508 1294 1559 Valde
1317 1508 1456 1563 patula
1477 1507 1531 1549 est
1554 1511 1593 1549 in
1616 1524 1682 1552 ex-

246 1565 447 1606 tremitate
464 1593 473 1608 ,
503 1577 549 1607 ut
566 1581 640 1622 pro
656 1565 866 1607 Cochleari
890 1565 1102 1606 commode
1117 1564 1293 1606 adhiberi
1307 1563 1444 1618 poffit‚
1473 1566 1577 1606 unde
1600 1567 1681 1608 for-

244 1620 334 1661 tasse
347 1621 584 1664 Cochlearia
612 1637 760 1664 nomen
789 1621 1056 1677 sumpserunt.
1089 1623 1198 1661 Intus
1214 1619 1402 1661 albiffima
1415 1619 1493 1664 est,
1527 1621 1592 1663 sed
1615 1637 1681 1664 ex-

245 1676 431 1719 trinsecus
447 1679 581 1720 viridis
597 1679 744 1721 coloris
761 1707 771 1722 ‚
794 1679 839 1718 &
866 1676 1007 1735 rugosa
1036 1678 1141 1734 rugis
1172 1675 1400 1735 spiralibus,
1427 1676 1490 1719 sed
1516 1680 1617 1721 inter
1645 1679 1680 1721 se

243 1733 439 1790 parallelis
458 1763 465 1771 ·
498 1736 634 1790 Quare
651 1746 765 1791 patet
780 1735 1054 1778 Hadriaticum
1070 1748 1176 1778 mate
1190 1748 1307 1789 genus
1324 1747 1424 1788 pene
1436 1749 1554 1776 omne
1570 1736 1678 1777 Con-

244 1791 409 1833 charum
424 1820 435 1836 ‚
464 1794 507 1833 &
523 1793 688 1834 aliarum
706 1794 941 1834 marinarum
958 1793 1106 1833 Rerum
1122 1790 1364 1832 summittere
1377 1821 1387 1836 ,
1412 1802 1458 1832 ut
1473 1791 1677 1834 adnotavit

243 1848 439 1890 Allionius
471 1849 598 1891 noster
622 1852 663 1890 in
678 1848 1003 1903 Oryetographia
1025 1846 1318 1888 pedemontana
1342 1846 1406 1887 sua
1423 1877 1432 1885 .

248 1970 1596 2000 mmfflfflmmmmwwwfflmffl
1601 1972 1678 1998 cuv:

600 2072 1058 2139 CAPVT
1159 2073 1313 2133 XI.

487 2199 760 2240 ΤΒιιΙΝΑ
806 2209 1096 2239 FASCIATA
1140 2208 1425 2237 isrcavnA.

242 2304 348 2392 H
366 2306 449 2348 Aee
478 2320 636 2364 quoque
665 2306 831 2349 Concha
860 2320 883 2346 a
911 2304 1032 2371 valvis
1054 2304 1126 2346 suis
1152 2317 1233 2344 non
1257 2305 1422 2345 omnino
1446 2301 1643 2345 clauditur
1659 2333 1669 2346 .

380 2374 424 2405 ut
445 2379 524 2406 non
555 2365 792 2406 clauduntur
823 2362 1038 2418 superiores
1054 2360 1241 2404 Conchae
1257 2360 1505 2417 Amygdalae
1530 2361 1573 2401 &
1588 2363 1672 2402 Nu-

239 2435 302 2462 ces
333 2421 464 2463 didtae
486 2422 672 2466 .Bivalva
702 2421 799 2465 haec
828 2419 882 2463 est
905 2419 1105 2475 ellipticae
1122 2416 1269 2473 figurae
1284 2446 1295 2463 ,
1323 2420 1366 2460 δε
1389 2417 1539 2461 zonulis
1568 2419 1672 2482 cine-

1586 2487 1672 2517 tels,
