1814 2902
440 217 763 265 AESTVS
821 219 1296 264 MARITIMI
1549 236 1601 270 77

131 328 212 371 pen
242 313 287 354 &
317 312 479 355 Abilam
493 343 506 359 ,
535 313 604 354 ub'i
628 326 733 354 nunc
748 309 802 353 est
816 309 960 366 insigne
979 310 1139 353 Fretum
1152 312 1394 354 Gaditanum
1411 341 1423 359 ,
1451 324 1501 354 ex
1515 326 1598 368 quo

128 374 180 413 ab
194 372 361 411 Oceano
390 372 432 411 in
460 371 585 411 maria
613 368 744 410 nostra
774 382 898 422 aquae
913 381 1048 409 omnes
1066 367 1264 412 influunt,
1292 370 1337 409 δε
1360 371 1412 411 ab
1437 368 1524 426 ipfis
1558 373 1598 413 in

130 429 340 469 Oceanum
369 425 539 468 refluunt
554 455 566 472 ,
595 436 640 465 ut
662 425 842 465 omnibus
856 423 911 465 est
926 435 1068 465 notum
1086 457 1093 465 .
1118 424 1306 480 Josephus
1323 426 1500 467 Montius
1525 429 1603 469 Bo..

129 486 281 525 tanicus
311 480 492 537 insignis,
523 480 796 523 &Historicus
814 480 1016 523 Naturalis
1045 480 1292 522 Bononiensis
1309 508 1321 524 ‚
1357 484 1428 536 qui
1458 483 1507 524 de
1539 483 1600 525 his

132 541 249 582 rebus
279 553 355 594 pro
366 538 647 582 Woodwardo
677 536 824 593 scripsit
854 541 957 587 (a),
974 539 1168 578 rationem
1200 537 1316 579 aliam
1349 539 1602 588 adducebat.

132 607 178 637 ut
198 598 390 652 probaret
419 596 671 637 Noachicum
687 593 980 650 Cataclysmum
996 594 1224 650 Conchyiia
1247 596 1287 635 in
1305 597 1512 637 Montibus
1530 598 1606 638 Bo-

131 650 375 695 nonienfibus
404 651 622 708 reliquiffe,
648 652 757 707 quod
785 665 927 707 nempe
956 665 1096 693 eorum
1129 650 1253 693 multa
1289 665 1370 693 non
1396 653 1603 695 Hadriati-

130 712 198 756 ci,
226 709 290 752 vel
317 708 436 750 Inferi
466 711 581 750 maris
607 707 682 749 fint
712 708 896 764 indigene.
926 739 937 754 ‚
978 720 1024 749 ut
1053 723 1186 749 revera
1217 708 1289 749 effe
1318 710 1506 752 deberent
1531 739 1543 756 ,
1564 708 1601 754 fi

128 767 228 808 haec
257 766 385 806 Maria
409 766 507 807 olim
530 767 736 806 cacumina
771 764 840 806 illa
876 765 1120 820 attigiffent,
1155 763 1219 807 sed
1242 766 1383 808 *Indica
1420 766 1495 808 fint
1512 799 1524 815 ,
1553 779 1600 808 ut

129 827 265 878 Caput
294 822 392 863 illud
405 821 611 866 Rosmari‚
641 821 754 878 super
782 836 864 876 quo
885 823 1186 863 'tractationem
1213 821 1324 863 -suam
1355 822 1513 877 scripsit
1533 825 1608 866 vir

128 880 301 920 eruditus
317 910 326 918 .
356 879 506 920 Verum
535 879 660 920 homo
682 880 822 933 aliquis
838 890 976 919 acutus
992 879 1080 919 heic
1096 894 1287 935 reponere
1299 879 1428 934 poffet
1445 895 1454 920 :
1485 878 1603 922 Tunc

130 937 259 978 Maria
278 934 407 976 nostra
422 935 582 990 quando
600 937 770 977 vertices
785 934 878 976 illos
894 936 1109 977 abluebant
1123 935 1290 992 potuiffe
1304 951 1351 977 ea
1368 934 1604 981 Monstra&

131 993 272 1033 Indica
303 992 526 1046 Conchylia
553 992 684 1039 alere,
713 1007 815 1048 quae
842 1007 948 1033 nunc
964 993 1148 1033 Oceanus
1164 993 1234 1033 alit
1249 1023 1261 1039 ,
1292 1007 1416 1048 quum
1438 1004 1604 1049 tempo-

131 1050 237 1090 ribus
267 1047 342 1088 illis
370 1050 500 1089 Maria
527 1047 655 1090 nostra
673 1060 841 1105 propter
871 1049 1172 1104 amplitudinem
1190 1079 1201 1094 ‚
1230 1049 1606 1106 &profunditatem

129 1119 224 1146 cum
238 1107 404 1147 Oceano
432 1105 519 1159 ipso
541 1104 658 1146 essent
682 1106 956 1160 comparanda
974 1135 982 1142 -
1013 1107 1149 1158 Qare
1167 1109 1385 1147 auctoritas
1394 1108 1509 1148 -Sacri
1523 1111 1610 1149 Co-

131 1163 231 1203 dicis
260 1176 338 1203 una
369 1176 462 1202 cum
493 1160 677 1203 consensu
698 1165 889 1203 -omnium
921 1163 1002 1204 fere
1018 1164 1208 1203 Gentium
1228 1191 1239 1205 ,
1268 1163 1312 1202 &
1334 1163 1507 1204 Marium
1536 1180 1608 1208 no-

130 1216 298 1259 strorum
327 1221 484 1259 novitas
502 1221 622 1272 magis
639 1233 702 1260 me
719 1229 883 1260 movent
908 1230 953 1259 ut
963 1219 1091 1259 dicam
1117 1247 1128 1263 ,
1147 1220 1313 1260 marinas
1331 1218 1414 1261 istas
1446 1224 1604 1264 exuvias

130 1289 155 1315 a
169 1275 380 1316 Noachico
395 1274 647 1329 Cataclysmo
665 1277 764 1315 inter
783 1275 904 1316 strata
913 1277 1115 1316 Montium
1132 1275 1354 1318 nostrorum
1370 1279 1430 1317 uti
1447 1278 1490 1316 &
1507 1279 1609 1321 alio·

129 1346 220 1373 sum
236 1333 414 1371 omnium
433 1330 539 1371 fuiss'e
552 1330 683 1372 delata
701 1359 711 1374 ‚
744 1333 852 1385 quod
868 1345 956 1386 *quo
972 1335 1092 1387 pacto
1103 1331 1192 1373 ‘fieri
1208 1332 1394 1387 potuiflet
1411 1361 1422 1376 ,
1451 1333 1607 1377 Wood-

131 1387 290 1430 wardus
307 1416 317 1430 ‚
351 1390 593 1442 Bou-rguetus
608 1415 619 1430 ‚
653 1389 827 1429 Montius
844 1417 856 1432 ‚
891 1388 1032 1443 aliique
1049 1417 1060 1432 ‚
1090 1391 1159 1444 qui
1174 1390 1274 1430 hanc
1291 1391 1545 1446 provinciam
1563 1394 1608 1434 il..

131 1441 369 1485 lustrandam
390 1442 460 1484 fibi
475 1442 689 1484 sumserunt
705 1472 715 1487 ‚
747 1444 833 1485 sunt
861 1444 1116 1491 consulendi,
1148 1461 1389 1501 quamquam
1406 1462 1481 1501 ego
1497 1452 1610 1503 peni..

131 1512 193 1542 tus
223 1515 304 1541 non
336 1502 501 1555 probem
518 1528 528 1543 ,
558 1515 659 1554 quae
674 1500 722 1540 de
738 1503 895 1556 gurgite
908 1501 984 1541 -illo
1000 1501 1109 1543 vasto
1123 1530 1139 1547 .,
1164 1502 1234 1544 seu
1261 1505 1310 1545 de
1340 1518 1533 1560 aquarum
1555 1524 1607 1550 <2-

131 1555 241 1613 bysso
257 1559 299 1597 in
308 1559 464 1600 -Centro
480 1555 626 1598 Terrae
642 1556 777 1598 locato
795 1557 1006 1599 traduntur
1019 1585 1029 1595 .

481 1643 1260 1725 ANACEPHALAEOJSIS.

132 1781 224 1873 Τ
244 1784 399 1825 Andem
439 1793 483 1824 ut
500 1783 587 1824 vela
617 1785 915 1838 quodammodo
939 1786 1124 1829 sermonis
1151 1787 1272 1830 nostri
1298 1790 1574 1833 contrahamus
1590 1821 1602 1838 ,

255 1851 371 1894 atque
402 1849 447 1879 ut
472 1842 607 1880 omnia
625 1867 636 1884 ‚
666 1856 766 1896 quae
789 1844 835 1882 in
860 1842 937 1882 hoc
955 1845 1177 1898 specimine
1203 1846 1252 1886 de
1277 1845 1396 1888 Aestu
1426 1851 1604 1905 recipro-

131 1913 183 1940 co
213 1898 410 1941 diximus,
434 1898 476 1936 in
511 1911 633 1938 unum
664 1899 959 1943 conducamus,
998 1914 1048 1941 ex
1079 1901 1194 1942 dicitis
1233 1915 1304 1957 per
1344 1904 1597 1947 universum,

132 1955 296 1996 Librum
326 1966 410 1994 tum
432 1956 471 1993 in
485 1952 821 2009 Propositionibus
840 1983 851 1998 ,
873 1966 962 1996 tum
980 1959 1019 1997 in
1035 1958 1198 1998 Scholiis
1216 1959 1460 2003 concludere
1481 1961 1576 2004 licet
1592 1994 1603 2010 ‚

130 2010 296 2051 fluxum
321 2012 363 2049 δε
387 2008 600 2051 Refluxurn
627 2011 676 2051 ad
693 2013 821 2052 Littus
846 2011 1019 2053 nostrum
1049 2013 1120 2055 effe
1149 2026 1384 2070 perpetuum
1403 2046 1413 2061 ‚
1450 2020 1495 2059 ὃ(
1524 2022 1603 2062 diei

132 2067 319 2109 naturalis
332 2064 458 2119 spatio
487 2073 695 2122 utrumque
725 2069 783 2109 bis
817 2071 1051 2124 contingere
1068 2098 1076 2106 -
1110 2073 1306 2124 Majorem
1322 2085 1454 2116 tamen
1472 2076 1600 2131 ipsum

133 2123 204 2165 effe
245 2125 284 2164 in
321 2123 546 2165 Noviluniis
575 2125 619 2164 &
645 2124 871 2166 pleniluniis
905 2126 1134 2180 praesertim
1161 2130 1281 2169 tertia
1321 2130 1386 2170 die
1414 2131 1502 2185 post
1530 2133 1600 2175 has

133 2182 466 2234 Conjundtiones.
499 2182 571 2222 Sed
602 2181 733 2223 adhuc
764 2185 955 2236 majorem
992 2183 1064 2225 effe
1089 2199 1134 2225 ea
1170 2186 1281 2227 Luna
1316 2201 1420 2228 nova
1463 2188 1600 2243 plena-

136 2252 213 2293 que
230 2265 240 2281 ,
269 2251 368 2292 quae
385 2237 552 2279 solstitia
582 2240 625 2280 &
641 2241 907 2295 Aequinoctio.
924 2243 1104 2295 proxime
1130 2241 1299 2297 sequitur
1318 2271 1330 2287 ,
1361 2244 1481 2299 idque
1505 2245 1604 2288 sem-

136 2309 206 2351 per
237 2296 353 2334 tertia
381 2296 444 2335 die
460 2324 470 2338 ,
497 2310 736 2351 quamquam
764 2295 842 2352 ipse
859 2297 1119 2339 Solstitiorum
1136 2327 1146 2342 ,
1179 2301 1600 2354 &Aequinoctiorum

137 2351 217 2392 dies
249 2351 304 2391 nil
336 2366 406 2406 per
432 2349 471 2408 se
500 2351 699 2394 ostendat.
724 2354 850 2395 Hosce
876 2352 1000 2396 fluxus
1029 2357 1072 2395 ὃς
1101 2354 1269 2397 refluxus
1303 2372 1383 2398 non
1413 2372 1599 2401 accurate

138 2406 202 2449 sex
230 2407 335 2450 horis
368 2411 591 2456 contineri,
618 2409 681 2452 sed
709 2409 864 2467 fingulis
899 2413 1031 2454 diebus
1060 2413 1228 2455 Fluxum
1259 2428 1408 2460 unum,
1440 2415 1598 2472 ejusque

1543 2488 1601 2515 re-

176 2543 215 2574 (ι)
236 2543 281 2573 De
300 2545 475 2575 Monumento
496 2545 651 2577 Diluw‘ano
671 2547 774 2584 Dtffirt.
788 2551 848 2577 edit.
865 2559 938 2583 ¹71¹).
