1814 2902
547 226 828 268 MINVS
887 222 1165 266 NOTIS
1525 230 1575 259 21

139 314 204 361 seu
223 315 526 369 Melopeponis.
556 314 760 353 Praeterea
789 308 882 351 flavi
906 310 1050 350 coloris
1075 309 1214 350 itidem
1242 307 1296 350 est
1325 318 1370 348 ut
1398 306 1484 348 sunt
1512 306 1581 347 hu-

140 372 312 426 jusmodi
332 385 451 425 poma
471 397 478 406 .
508 370 728 409 Secundum
742 380 838 406 vero
854 365 1093 406 Echinorum
1109 380 1225 419 genus
1254 364 1306 405 est
1335 365 1430 405 illud
1446 363 1584 419 vulga-

131 445 185 478 ,re
201 425 452 481 compressi-us
468 427 510 465 ἃ
526 428 684 479 nigrum
702 451 711 466 ‚
744 422 852 477 quod
867 422 1044 477 frequens
1073 423 1266 476 reperitur
1282 423 1322 460 in
1337 421 1470 462 Infero
1501 435 1584 462 ma-

141 488 176 526 ri
194 513 204 529 ,
234 482 457 540 praesertim
475 484 582 523 circa
598 479 815 534 Neapolim
831 510 837 517 .
867 480 939 519 Sed
966 479 1072 532 apud
1093 493 1161 518 nos
1178 478 1274 518 licet
1289 476 1334 517 sit
1351 481 1472 519 rarius
1489 509 1499 524 ,
1527 490 1586 520 ra..

144 555 236 582 men
266 542 306 579 in
324 541 525 591 majorem
556 538 701 578 molem
732 537 887 576 videtur
915 533 1135 576 excrescere
1152 563 1160 571 -
1184 534 1342 575 Tertius
1358 535 1524 589 denique
1541 537 1584 574 E-

142 598 279 638 chinus
298 594 622 651 frequentiffimus
639 594 745 649 apud
762 607 831 633 nos
848 590 901 633 est
919 592 983 632 ille
1002 622 1012 637 ‚
1041 606 1159 646 quem
1177 593 1393 647 Spatagum
1410 602 1559 633 vocant
1576 620 1582 629 .

144 654 270 707 Hujus
288 652 475 694 immensa
493 655 548 694 vis
581 654 632 694 ad
648 653 757 692 littus
788 648 963 690 nostrum
987 648 1211 703 praesertim
1240 648 1461 689 autumnali
1492 660 1588 689 tem-

144 727 243 767 pore
262 710 347 766 post
363 710 556 765 procellas
585 725 607 749 a
638 722 743 748 mare
760 708 961 759 rejicitur.
995 707 1131 758 Qare
1162 706 1267 759 apud
1294 720 1364 745 nos
1382 705 1589 760 Pelagium

144 783 228 808 non
244 767 297 807 est
318 795 328 810 ‚
357 781 489 807 rarum
504 766 653 806 scilicet
668 796 679 811 ‚
710 766 753 805 ὃς
770 764 810 803 in
824 763 1026 818 profundo
1056 764 1153 803 mari
1173 773 1327 803 tantum
1344 763 1485 818 degens
1502 790 1514 806 ‚
1541 774 1588 802 ut

143 824 196 864 de
210 838 257 864 eo
273 822 474 877 scripserat
491 821 719 864 Aristoteles
736 852 744 860 .

176 917 1571 954 QQQQQQQQQQQQQQQ

470 1001 930 1062 CAPVT
1014 1000 1278 1062 XIIII.

145 1114 263 1153 vi
301 1108 519 1152 MARINA
556 1123 765 1152 MINIMA
804 1122 1063 1149 LITTORIS
1104 1111 1482 1149 ARIMINENSIS
1515 1120 1593 1146 AL-

750 1178 993 1206 BISSIMA.

152 1277 183 1315 I.
297 1270 499 1346 ‘qncham
512 1276 615 1319 hanc
633 1305 643 1321 ‚
674 1279 783 1330 cujus
800 1273 970 1318 diversae
1002 1273 1090 1317 sunt
1120 1274 1264 1330 species
1281 1303 1292 1318 ‚
1326 1276 1449 1316 Nucis
1469 1274 1595 1314 nomi-

331 1349 378 1385 ne
407 1335 558 1375 donant
586 1334 784 1375 Naturalis
815 1331 996 1374 historiae
1028 1335 1247 1387 Scriptores
1280 1360 1289 1375 ‚
1324 1332 1435 1385 quod
1463 1344 1597 1370 earum

151 1396 320 1445 majores
350 1393 505 1432 Nucem
536 1390 836 1445 quodammodo
868 1389 1038 1432 referant
1069 1405 1079 1434 ;
1119 1390 1182 1430 {ed
1212 1389 1405 1429 Glandem
1438 1389 1570 1443 potius
1588 1416 1600 1432 ,

154 1449 216 1488 vel
242 1433 460 1503 Dfflylum
487 1447 628 1488 referre
658 1447 756 1488 mihi
786 1446 970 1487 videntur
998 1478 1006 1486 .
1037 1446 1178 1486 Melius
1210 1444 1368 1486 fortaffe
1400 1444 1600 1484 Columna.

151 1504 256 1546 libro
285 1505 333 1545 de
367 1504 619 1558 Aquatilibus
656 1501 786 1543 num-⁰
817 1504 994 1546 LXVIII.
1027 1517 1145 1543 unam
1181 1517 1317 1543 earum
1348 1531 1360 1548 ,
1391 1499 1600 1541 concham

154 1573 324 1616 utroque
357 1561 478 1602 latere
510 1559 546 1601 se
576 1560 835 1615 colligentem
865 1559 1082 1616 appellavit
1114 1591 1121 1600 .
1160 1558 1275 1599 Hanc:⁴
1305 1561 1408 1598 inter
1441 1572 1499 1597 res
1529 1558 1602 1597 mi-

153 1634 224 1660 nus
254 1628 367 1659 notas
399 1618 475 1658 huc
503 1619 647 1662 attuli,
665 1618 772 1671 quod
792 1619 956 1657 minima
986 1616 1136 1671 semper
1169 1614 1241 1659 fit,
1272 1617 1315 1655 &
1347 1611 1597 1655 albissima-‚-

152 1677 323 1728 Majoxres
341 1676 445 1715 enim
463 1675 581 1715 variis
599 1674 798 1713 coloribus
828 1673 979 1727 semper
1008 1673 1095 1713 sunt
1126 1671 1355 1713 distinctae.
1388 1671 1496 1712 Haec
1529 1685 1601 1711 no-

154 1731 228 1772 stra
247 1733 404 1772 minima
439 1729 586 1785 semper
611 1729 689 1773 est,
715 1744 806 1770 nam
839 1730 932 1771 licet
963 1730 1085 1770 multa
1110 1729 1294 1785 exempla
1323 1731 1404 1782 ejus
1437 1731 1475 1768 in
1506 1727 1604 1769 sedi-

155 1803 293 1828 mento
310 1787 442 1827 nostro
460 1789 704 1841 reperiantur
721 1814 730 1829 ‚
748 1801 796 1827 ex
812 1787 1024 1839 majoribus
1046 1801 1141 1827 vero
1157 1783 1344 1826 rariffime
1360 1796 1575 1826 cernuntur
1590 1812 1602 1829 ,

159 1857 204 1884 ut
222 1842 300 1900 ipse
320 1843 493 1899 pluribus
509 1845 616 1883 annis
634 1871 642 1884 ,
670 1844 810 1897 quibus
851 1843 964 1882 littus
983 1841 1153 1882 nostrum
1171 1853 1322 1882 attente
1352 1841 1473 1882 lustro
1490 1873 1500 1888 ‚
1531 1843 1601 1883 vix

153 1916 273 1941 unam
304 1912 371 1941 aut
401 1901 564 1941 alteram
593 1900 758 1941 viderim
785 1928 795 1943 ,
827 1913 972 1953 eaeque
1002 1913 1082 1939 non
1113 1896 1326 1939 albissimae
1351 1926 1361 1942 ,
1392 1897 1454 1939 sed
1480 1899 1604 1940 flavae

154 1957 228 1998 sint
246 1986 256 2001 ,
289 1970 334 1998 ut
368 1956 524 1997 inferius
541 1958 715 1997 dicemus
736 1988 742 1995 .
774 1956 1025 1997 Conchulam
1051 1956 1152 1996 hanc
1170 1954 1256 1996 satis
1282 1967 1375 2010 apte
1406 1956 1603 1996 cuderunt

157 2012 340 2054 Artifices
361 2013 483 2054 nostri
515 2016 555 2053 in
582 2013 737 2054 Tabula
762 2014 810 2053 II.
842 2010 968 2068 figura
993 2015 1041 2054 V.
1074 2011 1140 2054 sub
1171 2012 1310 2053 litteris
1327 2014 1377 2051 G.
1395 2012 1444 2052 H.
1460 2014 1491 2052 Ι.
1510 2027 1607 2068 qua-

155 2086 246 2111 rum
278 2071 405 2111 media
434 2070 641 2111 Concham
688 2068 951 2125 repraesentat
984 2072 1023 2110 in
1053 2069 1152 2110 statu
1185 2070 1389 2115 naturali;
1433 2070 1608 2124 reliquae

158 2139 202 2168 ut
232 2128 355 2168 oculis
388 2129 496 2168 vitro
525 2127 717 2168 instrueris
747 2138 940 2183 apparent
972 2158 979 2166 .
1009 2129 1102 2167 Duo
1133 2128 1245 2181 hujus
1271 2129 1395 2168 Nucis
1422 2129 1609 2169 minimae

159 2184 248 2225 sunt
276 2199 445 2240 genera,
471 2200 643 2239 quorum
667 2199 787 2224 unum
819 2183 871 2225 est
900 2185 1009 2238 quod
1041 2186 1080 2224 in
1097 2184 1249 2226 Tabula
1281 2183 1498 2237 expressum
1530 2182 1610 2230 est;

159 2241 326 2282 alterum
351 2243 458 2296 quod
485 2243 643 2295 apicem
658 2254 819 2282 acutum
839 2244 876 2282 in
892 2243 1142 2282 extremitate
1170 2241 1236 2282 illa
1253 2240 1428 2281 rotunda
1444 2243 1487 2282 &
1501 2240 1609 2282 clau-

162 2296 201 2338 sa
217 2311 320 2352 gerit
338 2327 348 2341 ‚
378 2301 446 2353 qui
461 2313 561 2353 apex
578 2298 667 2339 heic
685 2301 723 2339 in
740 2300 845 2339 nulla
863 2298 936 2338 fuit
952 2298 1143 2354 expressus
1161 2329 1167 2337 .

219 2356 269 2394 II.
304 2355 341 2395 Si
370 2370 392 2395 a
419 2357 635 2396 minoribus
666 2356 716 2396 ad
747 2360 897 2409 majora
930 2354 1077 2410 semper
1107 2355 1440 2411 progrediendum
1461 2353 1539 2399 est,
1567 2366 1611 2396 ut

163 2412 277 2452 multi
293 2413 539 2452 contendunt
557 2442 565 2456 ‚
594 2411 761 2453 secundo
790 2414 880 2453 loco
907 2415 1063 2454 Nucem
1096 2413 1215 2453 aliam
1240 2415 1432 2454 marinam
1465 2413 1532 2454 hic
1551 2413 1614 2453 de·

162 2467 397 2513 scribemus,
427 2483 526 2524 quae
558 2480 686 2510 tamen
704 2482 871 2526 propter
899 2484 1088 2526 magnum
1117 2472 1196 2512 oris
1228 2470 1381 2512 hiatum
1407 2472 1615 2525 cognatio-

1521 2541 1610 2569 nem
