1814 2902
208 240 258 268 22
637 232 739 272 DE
797 231 1208 276 CONCHIS

207 324 295 352 nem
316 309 393 352 fere
409 312 555 352 nullam
586 328 677 355 cum
707 317 959 360 antecedenti
985 319 1127 361 habet.
1156 319 1228 360 Sed
1259 320 1446 373 quoniam
1472 321 1558 362 talis
1589 320 1644 361 est

205 367 422 423 progressus
441 399 451 414 ,
485 370 528 411 ὃς
544 370 582 414 id
599 374 718 412 etiam
733 372 859 415 noster
876 376 978 417 ordo
997 376 1166 431 postulat
1183 405 1193 420 ‚
1225 379 1350 422 utres
1366 374 1512 432 semper
1539 380 1646 433 prius

203 424 413 465 referamus
431 453 441 468 ‚
459 429 792 479 quemadmodum
823 433 863 470 in
877 432 1122 474 Praefatione
1137 434 1302 474 diximus
1319 463 1330 478 ‚
1359 446 1460 486 quae
1476 448 1562 474 aere
1577 448 1646 474 ex-

205 479 293 522 cusa
310 480 424 529 sunt,
450 483 592 524 deinde
621 486 669 526 ad
694 486 769 526 alia
797 502 877 527 non
907 488 997 529 cusa
1021 490 1321 534 descendamus;
1351 492 1508 532 Nucem
1526 489 1644 535 hanc,

206 552 324 592 quam
344 550 557 594 utcumque-
575 542 826 589 adumbravit
841 546 976 586 Pidtor
992 547 1153 600 quidam
1165 548 1333 592 Venetus
1359 548 1401 587 in
1430 545 1584 587 Tabula
1600 547 1643 588 V.

203 594 332 637 num.⁰
348 596 414 637 IX.
431 598 473 636 &
488 600 535 638 X·
555 598 670 639 multi
685 602 845 654 Leporis
862 605 1002 643 marini
1032 606 1189 644 nomine
1219 604 1372 643 donant
1389 633 1398 648 ‚
1427 603 1534 657 quod
1557 617 1644 644 car-

204 651 298 692 nosa
313 652 551 694 extrinsecus
569 655 739 697 multum
753 655 799 697 fit
814 685 824 701 ‚
850 659 911 701 vel
935 674 1033 716 pene
1059 659 1316 713 cartilaginea
1331 689 1342 704 ,
1375 661 1417 699 &
1434 662 1514 712 ejus
1528 659 1643 704 Testa

203 706 249 749 fit
264 707 504 756 subtiliffima
519 712 562 750 &
579 727 716 753 manca
733 742 743 757 ‚
774 724 819 754 ut
849 718 915 756 vix
938 719 1094 758 tertiam
1123 727 1277 773 partem
1293 716 1645 771 Animalculiope-

203 767 281 809 riat
301 798 308 805 .
341 769 378 806 A
397 766 534 807 nostris
550 770 806 824 piscatoribus
823 774 1043 828 Amygdala
1058 776 1209 815 marina
1226 773 1445 828 appellatur
1463 803 1473 818 ,
1503 774 1546 812 &
1564 772 1643 814 for-

201 822 294 863 taffe
311 837 391 863 non
407 825 662 873 inconcinne,
680 843 801 882 quum
817 828 896 883 ipsa
913 832 1064 884 integra
1078 830 1344 886 Amygdalam
1363 831 1483 883 magis
1496 857 1505 871 ‚
1525 844 1642 884 quam

203 881 363 926 Nucem
381 911 391 925 ‚
421 892 467 921 ut
496 883 666 937 reliquae
684 885 795 938 hujus
826 888 972 939 generis
990 886 1123 928 Testae
1139 918 1149 932 ,
1182 887 1345 928 referat.
1377 885 1563 942 Josephus
1580 887 1644 932 Zi-

203 938 369 982 nannius
385 939 592 982 Ravennas
610 942 672 981 vir
701 941 955 984 nobilissimus
973 972 982 987 ‚
1011 959 1057 984 ac
1083 944 1132 984 de
1163 942 1322 987 historia
1351 942 1520 990 naturali
1536 945 1643 997 opti.

203 1008 267 1035 me
283 995 468 1040 meritus,
500 1007 586 1036 tum
615 1009 780 1054 propter
810 999 974 1047 scrinia,
1002 1015 1101 1056 quae
1129 998 1299 1055 poffidet
1328 1012 1457 1039 rerum
1483 1010 1643 1039 natura-

201 1050 301 1091 lium
318 1048 559 1093 refertiffima
576 1083 587 1105 ,²
618 1067 739 1107 quum
756 1062 919 1112 propter
935 1058 1085 1098 editum
1114 1057 1260 1097 librum
1285 1055 1332 1095 de
1349 1057 1447 1095 Ovis
1466 1057 1611 1096 Avium
1628 1087 1639 1101 ‚

164 1119 166 1122 ’
203 1108 248 1147 ὃς
265 1107 313 1148 de
330 1107 503 1149 Locustis
521 1137 531 1152 ,
563 1112 631 1163 qui
648 1112 848 1165 quondam
868 1114 917 1154 ad
933 1129 993 1155 me
1009 1115 1057 1155 de
1071 1114 1144 1154 hac
1172 1116 1285 1155 Nuce
1316 1122 1526 1154 anatomen
1550 1111 1639 1152 scri-

204 1162 334 1219 pserat
350 1195 360 1210 ‚
391 1179 475 1209 eam
494 1164 559 1206 sub
576 1167 776 1208 Hirudinis
793 1199 804 1214 ,
829 1170 890 1210 seu
915 1170 982 1211 sub
1009 1169 1264 1224 Sanguisucae
1293 1170 1464 1209 marinae
1481 1170 1642 1210 nomine

205 1220 404 1277 descripsit
422 1250 430 1258 ·
461 1222 697 1266 Observavit
724 1229 828 1267 enim
846 1229 906 1268 vir
931 1226 1240 1283 diligentiffimus
1272 1240 1356 1266 eam
1389 1224 1546 1266 fortiter
1576 1225 1643 1266 ad-

206 1277 365 1326 haerere
382 1280 582 1334 Alcyonio
599 1281 656 1321 illi
672 1313 682 1328 ‚
700 1285 808 1337 quod
824 1285 1055 1339 Favaginem
1072 1283 1293 1325 Aristotelis
1322 1282 1523 1337 appellant
1539 1312 1551 1328 ,
1585 1294 1643 1322 at-

207 1348 282 1389 que
311 1349 361 1376 ex
391 1351 439 1376 eo
467 1336 698 1378 alimentum
722 1339 929 1395 exsugere.
961 1343 1097 1395 Qare
1127 1355 1248 1395 quum
1279 1339 1440 1394 Leporis
1473 1339 1642 1384 marini,

206 1393 270 1435 vel
288 1392 536 1447 Amygdalae
565 1409 710 1438 nomen
739 1398 853 1440 nimis
882 1394 1040 1451 vulgare
1071 1398 1196 1438 minus
1213 1396 1415 1452 placeret,
1440 1396 1484 1434 &
1515 1395 1640 1438 Nucis

207 1463 353 1490 nomen
372 1460 467 1489 tunc
482 1449 572 1490 esset
598 1453 808 1506 ignotum-;
834 1454 1105 1509 Sanguisucam
1129 1456 1318 1494 marinam
1338 1454 1530 1493 minorem
1559 1452 1644 1491 Lit⁴

208 1507 302 1548 teris
317 1506 367 1546 ad
382 1520 445 1547 me
459 1506 560 1555 datis
575 1508 792 1562 appellavit
809 1538 817 1546 .
848 1514 917 1551 San
925 1510 1117 1565 guisucam
1139 1513 1242 1556 enim
1268 1513 1457 1563 majorem
1478 1521 1644 1562 propter

209 1561 362 1605 easdem
380 1566 639 1618 proprietates
652 1566 880 1621 appellabat
908 1568 1116 1608 Concham
1144 1568 1261 1607 aliam
1284 1595 1294 1611 ‚
1324 1580 1443 1619 quam
1471 1564 1643 1618 sequenti

210 1619 381 1662 articulo
398 1619 657 1663 describemus
676 1650 684 1659 .
713 1623 772 1664 At
788 1623 967 1665 invisenti
985 1625 1080 1664 mihi
1096 1624 1315 1677 frequenter
1341 1623 1452 1669 littus
1468 1621 1641 1662 nostrum

208 1676 412 1718 observavi
437 1676 565 1718 Testas
595 1678 716 1719 nudas
743 1680 856 1733 hujus
888 1681 1127 1729 Animalculi
1146 1686 1159 1728 (
1180 1680 1219 1720 id
1247 1679 1321 1720 five
1337 1681 1531 1734 Leporem
1562 1692 1643 1718 ma-

207 1736 337 1775 rinum
353 1764 364 1780 ‚
383 1731 458 1774 five
474 1734 739 1789 Amygdalam
756 1765 766 1780 ,
786 1736 861 1777 five
878 1739 1111 1779 Hirudinem
1127 1739 1317 1777 marinam
1348 1736 1498 1777 vocites
1516 1741 1530 1782 )
1547 1734 1645 1775 mul-

192 1801 293 1831 *tum
310 1805 402 1831 cum
419 1791 639 1846 vulgaribus
656 1794 834 1835 Nucibus
866 1797 1023 1834 marinis
1049 1796 1261 1834 convenire
1277 1822 1288 1836 ‚
1317 1805 1361 1833 ut
1379 1791 1481 1831 infra
1495 1790 1530 1831 se
1545 1792 1645 1832 Tur-

207 1848 342 1888 binem
370 1847 564 1902 colligant
578 1875 589 1890 ‚
620 1860 666 1888 ut
688 1849 865 1902 loquitur
885 1850 1083 1891 Columna
1100 1881 1110 1896 ,
1140 1850 1234 1889 licet
1250 1849 1465 1889 admodum
1482 1858 1642 1902 apertae

208 1903 309 1947 lint,
339 1902 414 1944 five
443 1918 487 1943 os
520 1902 628 1949 suum
660 1904 868 1947 testaceum
897 1908 1121 1948 immaniter
1153 1906 1334 1960 patulum
1365 1905 1535 1945 habeant
1559 1937 1569 1950 ,
1600 1906 1644 1944 ὃς

209 1975 350 2017 parum
383 1962 421 2000 in
440 1958 476 2000 se
500 1962 759 2003 convolutum
777 1994 786 2008 ‚
817 1974 861 2003 ut
887 1978 1059 2019 unguem
1090 1963 1301 2004 humanam
1332 1961 1527 2009 referant,-
1560 1963 1645 2002 Ob-

210 2015 380 2058 servavit
402 2016 580 2057 laudatus
612 2017 864 2060 nobilissimus
899 2021 1105 2061 Zinannius
1133 2035 1271 2061 verum
1286 2035 1328 2060 os
1347 2019 1460 2072 hujus
1483 2018 1645 2059 animal-

211 2074 292 2114 culi
322 2072 490 2128 positum
517 2073 587 2116 effe
612 2077 651 2115 in
676 2078 926 2117 extremitate
953 2077 1142 2123 carnosa,
1174 2078 1216 2116 ὅ(
1246 2091 1369 2130 quum
1396 2090 1491 2116 caro
1522 2077 1644 2115 totius

209 2131 386 2172 animalis
403 2129 447 2179 fit
464 2146 561 2186 pene
591 2133 842 2186 cartilaginea
859 2135 988 2178 ‚circa
1016 2133 1258 2174 stomachum
1289 2134 1365 2178 tria
1391 2129 1552 2177 officula
1581 2130 1646 2171 ha-

212 2189 303 2228 bere
329 2216 340 2231 ,
366 2188 504 2243 quibus
534 2189 678 2229 animal
708 2189 939 2232 defendatur
969 2205 1014 2231 ac
1046 2189 1275 2231 sustentetur
1314 2220 1324 2234 ‚
1368 2204 1490 2243 quum
1521 2186 1643 2244 ipsum

212 2247 316 2285 intra
332 2244 578 2286 cochleatam
596 2245 732 2287 testam
759 2263 837 2288 non
868 2245 986 2303 poffit
1002 2248 1162 2294 recondi
1179 2275 1189 2291 ‚
1220 2261 1318 2301 quae
1333 2246 1493 2287 officula
1510 2242 1646 2285 fortas-

213 2301 249 2342 se
268 2302 455 2353 adjuvant
472 2301 582 2344 fimul
602 2304 783 2344 ciborum
810 2304 1062 2360 digestionem
1077 2335 1087 2352 ,.
1118 2306 1237 2345 Haec
1258 2306 1317 2345 uti
1334 2302 1528 2357 sequentes
1558 2316 1645 2342 cor-

212 2373 291 2400 nua
312 2358 458 2399 habent
485 2360 617 2405 nulla;
640 2376 762 2415 quare
787 2362 863 2402 hoc
889 2362 1144 2410 Concharum
1172 2375 1291 2415 genus
1322 2375 1413 2402 cum
1438 2359 1643 2403 Cochleis,

214 2414 372 2456 Patellis
388 2445 399 2459 ‚
429 2415 742 2471 Turbinibusque
757 2449 768 2464 ‚
783 2434 881 2473 quae
897 2420 1031 2460 omnia
1046 2419 1229 2459 cornibus
1247 2417 1432 2459 instrudta
1449 2416 1533 2457 sunt
1550 2444 1559 2458 ‚
1577 2416 1648 2454 mi-

216 2473 322 2516 nime
344 2475 559 2514 convenit.
585 2475 712 2528 Igitur
733 2478 867 2531 paucis
884 2504 895 2521 ,
926 2487 971 2517 ut
991 2475 1115 2517 multa
1145 2478 1185 2517 in
1207 2490 1328 2517 unum
1357 2474 1645 2570 conducamus-2

1575 2542 1647 2574 ane
