1814 2902
267 234 342 265 112
581 232 954 274 APPENDIX
997 235 1350 278 SECVNDA.

263 344 1685 383 ΔὲῆαῼῆΔῼῆαὲῆθῼῆθὲῆἢέῆᾴᾱῆαξῆἢὲῆαξῆἢξῆαὲῆΰὲῆάῼῆαίῆαᾱοῆξη

545 428 991 492 CAPVT
1093 430 1403 492 XXIV.

401 549 685 597 Fvuen-ns,
719 565 803 592 sev
833 554 1252 594 CARYOPHYLLVS
1284 567 1540 594 MAR11wvs.

178 668 179 674 ¹
257 655 323 740 F
343 656 533 710 Vngites,
576 653 638 698 seu
666 658 960 713 Caryophyllus
989 662 1157 700 marinus
1197 658 1388 715 expressus
1418 658 1492 700 fuit
1521 675 1544 701 a
1574 662 1683 703 nobis

352 712 503 753 Tabula
520 714 670 754 XVIII.
702 713 766 768 fig.
784 715 838 754 M.
856 717 1045 757 Conchae
1067 717 1286 758 naviculari
1316 718 1478 757 adnatus
1495 747 1505 762 ,
1534 714 1597 757 sed
1612 718 1681 758 ad-

249 767 417 809 nascitur
446 771 566 810 etiam
596 771 678 811 aliis
719 771 890 813 Conchis
909 803 920 818 ‚
953 772 1138 828 rebusque
1169 774 1298 816 duris.
1328 774 1482 828 Fungos
1514 775 1684 815 marinos

249 823 405 865 Plantas
434 826 620 867 dixerunt
642 838 789 869 veteres
820 827 1010 870 Historiae
1024 830 1226 870 Naturalis
1241 831 1460 885 Scriptores
1476 857 1486 872 ‚
1517 829 1578 870 sed
1595 845 1686 871 mo·

248 880 303 921 do
332 882 381 922 ad
398 880 547 924 Infecta
577 884 863 930 amandantur,
892 880 992 939 quae
1008 884 1240 938 ”hujusmodi
1263 900 1320 925 res
1344 885 1504 926 Plantae
1532 888 1570 926 in
1591 886 1681 929 -for-

247 951 354 978 mam
385 937 576 980 fabricent
592 969 602 983 ‚
635 943 678 982 ὃς
708 943 747 981 in
763 956 899 982 eorum
916 954 1054 984 centro
1071 942 1206 982 nidum
1223 940 1329 981 suum
1344 941 1540 982 condant.
1569 943 1681 996 Qa-

245 1008 288 1035 re
310 995 434 1048 Fungi
463 995 683 1049 hujusmodi
715 1000 882 1042 marini,
912 998 1230 1054 &Madreporae
1260 997 1464 1053 vulgares,
1496 997 1682 1054 Millepo-

245 1065 391 1107 raeque
420 1049 588 1093 stellatae
600 1068 700 1109 opus
715 1054 957 1097 Inseecorum
985 1053 1186 1096 manifesto
1203 1053 1318 1099 sunt,
1352 1067 1443 1094 nam
1474 1052 1680 1097 ficombu-

246 1120 384 1151 rantur
399 1136 408 1151 ,
428 1108 536 1150 olent
552 1112 612 1152 uti
626 1110 794 1164 Squillae
811 1139 820 1154 ‚
855 1113 1078 1165 Cancrique
1094 1110 1287 1153 combusti
1305 1139 1312 1147 ·
1346 1109 1514 1151 Fortaffe
1539 1113 1583 1155 &
1597 1115 1680 1155 Co-

244 1163 447 1205 ralliorum
473 1168 683 1209 rubrorum
704 1168 949 1223 praeclarum
975 1168 1072 1209 olim
1101 1166 1329 1208 Plantarum
1354 1169 1594 1210 marinarum
1611 1184 1678 1224 ge-

243 1234 312 1260 nus
331 1221 432 1273 nihil
443 1221 547 1263 aliud
576 1221 662 1263 sunt
683 1219 750 1267 nisi
766 1222 1005 1264 Insedtorum
1031 1226 1271 1264 marinorum
1301 1237 1399 1278 opus
1430 1251 1439 1265 ‚
1483 1225 1540 1264 uti
1570 1237 1677 1269 certe

240 1274 327 1318 sunt
356 1278 640 1333 Madreporae,
669 1281 713 1319 ὃς
744 1280 978 1334 Milleporae
1008 1281 1168 1335 vulgare
1196 1294 1341 1332 genus,
1381 1281 1424 1318 &
1459 1280 1675 1321 Tubularia

241 1334 359 1376 rubra
376 1364 387 1379 ,
419 1347 518 1388 quae
540 1335 677 1375 colore
696 1336 879 1376 Coralliis
899 1347 1056 1380 tantum
1080 1335 1133 1378 est
1147 1335 1270 1377 affinis
1285 1366 1294 1382 ,
1327 1336 1370 1378 &
1386 1334 1593 1394 Filograna
1608 1350 1678 1382 no-

239 1386 313 1430 stra
329 1420 339 1435 ‚
369 1390 418 1433 de
434 1404 510 1446 qua
528 1390 684 1433 inferius
701 1391 872 1434 dicemus
890 1421 898 1431 .

245 1511 1667 1544 &staninnssnssssnathnflnssaeassssnaffin&Ranstnssfflhnssnasshnflhnssnnfflnssfin

529 1617 993 1679 CAPVT
1097 1614 1384 1677 XXV.

479 1737 866 1781 Minnspoim
911 1753 1170 1781 RosAcEA
1218 1753 1425 1781 PARVA·

235 1849 294 1939 S
319 1848 499 1903 Vperiori
519 1850 666 1912 Capite
696 1846 746 1887 de
777 1847 941 1900 Fungite
979 1846 1301 1901 Caryophyllaeo
1329 1847 1486 1899 loquuti
1517 1845 1668 1890 sumus,

324 1902 445 1944 modo
473 1918 609 1959 paucis
635 1904 844 1957 loquemur
874 1903 924 1943 de
954 1902 1194 1956 Madrepora
1221 1902 1392 1957 quadam
1419 1915 1541 1955 parva
1571 1901 1669 1956 lapi-

226 1962 301 2004 dea
327 1956 540 2004 albiffima,
570 1973 670 2014 quae
699 1960 741 1998 in
763 1957 894 2001 Rosae
926 1958 1096 2000 formam
1126 1959 1305 2000 Conchis
1336 1959 1450 1999 variis
1483 1957 1670 1999 adhaere·

233 2016 323 2063 scit,
354 2016 525 2057 &rebus
540 2017 624 2058 aliis
653 2013 898 2058 solidioribus
915 2043 926 2058 ,
956 2029 1077 2070 quam
1103 2018 1144 2056 in
1176 2014 1277 2057 statu
1304 2013 1473 2055 naturali
1498 2015 1666 2069 exprimi

227 2075 445 2118 curavimus
471 2072 568 2115 Tab-
586 2072 729 2115 XVIII.
762 2071 830 2114 sub
854 2072 987 2115 littera
1013 2088 1048 2113 n.
1065 2100 1076 2117 ,
1113 2074 1156 2113 &
1183 2073 1285 2113 lente
1312 2074 1439 2113 vitrea.
1471 2073 1658 2114 anetam

224 2128 294 2173 sub
311 2134 362 2173 N.
382 2128 617 2183 majuscula.

706 2279 851 2378 ἢ*
1039 2279 1185 2377 ᾔτει

1527 2538 1654 2567 GAPVT
