1814 2902
430 218 1279 265 AESTVSMARITIMI
1538 233 1593 270 79

126 309 334 351 continent
352 335 363 351 ‚
393 308 434 347 in
460 308 600 362 quibus
616 305 812 348 institutae
840 304 997 347 fuerunt
1029 304 1323 347 observationes
1342 337 1352 347 .
1377 307 1518 362 Qare
1531 310 1601 351 ad-

123 367 296 421 jectione
326 364 467 406 harum
498 362 829 406 Observationum
845 393 856 409 ,
881 375 981 417 quae
1009 373 1212 417 praeterea
1236 362 1348 418 saepe
1381 363 1469 406 sunt
1496 380 1593 407 con-

122 422 269 464 formes
288 452 300 468 ,
324 421 494 462 multum
514 418 756 462 excresceret
771 419 967 461 Volumen
983 448 995 465 ,
1011 419 1259 473 multumque
1284 424 1439 475 negotii
1461 423 1507 462 &
1537 423 1594 464 fa.

123 478 228 520 stidii
254 477 471 532 legentibus
497 476 697 519 facesseret
726 504 738 521 ,
777 476 920 531 quibus
948 489 1029 517 non
1058 476 1267 530 Specimen
1282 504 1293 519 ‚
1329 476 1394 518 sed
1428 493 1593 535 magnus

123 535 286 591 quidam
301 535 418 576 Liber
445 533 734 591 pervolvendus
764 534 988 576 videretur.
1017 533 1143 573 Satius
1171 533 1294 588 igitur
1321 534 1422 575 duxi
1449 549 1513 577 eas
1543 552 1596 578 o.

124 594 286 634 mittere
302 623 310 632 .
332 593 532 647 ‘Equidem
560 590 641 633 scio
657 622 669 638 ‚
697 591 956 634 Astronomos
986 588 1288 631 Observationes
1313 588 1396 632 suas
1424 595 1593 635 minutas

124 645 214 690 sane
231 679 241 694 ‚
272 650 318 690 δε
344 649 546 690 interdum
577 651 813 705 interruptas
843 647 957 689 edere
973 678 983 693 ,
1011 661 1112 702 quae
1137 647 1189 688 ab
1204 647 1480 690 Astronomiae
1510 652 1594 692 cul-

125 706 278 747 toribus
304 706 446 751 avide,
477 721 527 747 ne
551 705 647 747 dum
670 704 862 748 benevole
889 706 1166 760 excipiuntur,
1195 718 1296 759 quae
1315 705 1403 746 valiis
1435 706 1593 748 fortafl'e

123 776 184 803 res
207 763 372 817 putidae
398 763 637 810 videantur,
666 765 777 816 cujus
794 763 851 803 rei
869 761 1054 816 exemplo
1081 760 1155 802 effe
1172 760 1328 816 poffunt
1360 762 1594 817 posthumae

122 817 316 859 Francisci
329 818 537 861 Blanchini
568 816 754 861 Praesulis
771 816 995 860 Doctiffimi
1031 820 1076 859 &
1105 820 1240 859 Amici
1266 818 1389 860 nostri
1405 820 1597 863 Astrono-

122 876 253 916 micae
279 872 570 917 observationes
594 906 607 922 ‚
639 879 743 917 inter
774 889 868 929 quas
896 874 1176 916 benevolentia
1207 877 1311 915 tanti
1329 877 1413 916 Viri
1445 892 1593 920 nomen

125 930 300 972 nostrum
331 930 505 987 splendet
534 937 590 982 (a)
616 948 626 974 :
655 935 698 974 &
728 931 1032 974 Observationes
1068 933 1177 972 circa
1214 932 1477 974 Meridianatn
1519 936 1595 976 Bo-

125 986 349 1028 noniensem
379 1003 401 1028 a
425 987 733 1043 praeclariffimo
760 987 988 1030 Manfredio
1010 1001 1135 1043 nuper
1151 988 1278 1029 editae
1294 1017 1305 1032 ‚
1342 1004 1441 1043 quae
1457 1006 1594 1033 omnes

125 1046 301 1086 minutae
329 1045 546 1087 admodum
577 1043 668 1086 sunt
695 1046 739 1085 &
770 1047 1016 1099 interruptae
1047 1076 1051 1080 .
1089 1046 1136 1084 Et
1168 1042 1255 1085 sane
1284 1046 1371 1099 plus
1411 1047 1600 1089 utilitatis>

125 1101 335 1141 hominum
361 1103 495 1156 generi
529 1101 669 1143 afferre
706 1101 864 1157 poffunt
896 1103 1070 1142 marinae
1110 1102 1491 1156 quomodocumque
1523 1103 1596 1144 ob-

121 1155 384 1201 servationes,
414 1172 535 1212 quam
552 1157 886 1199 Astronomorum
916 1160 1092 1198 minutae
1119 1156 1212 1197 illae
1227 1158 1455 1199 Satellitutn
1479 1161 1594 1212 ,Jovis

125 1215 393 1269 apparitiones
422 1213 793 1268 occultationesque
810 1242 820 1257 ‚
847 1211 1124 1267 Tranfitusque
1141 1213 1306 1266 alicujus
1323 1214 1510 1257 Planetae
1525 1216 1595 1260 sub

127 1271 258 1310 Solem
275 1297 286 1313 ‚
318 1271 476 1312 aliudve
493 1271 602 1311 Sidus
618 1301 629 1315 ,
646 1273 690 1312 &
714 1271 792 1311 alia
820 1269 862 1310 id
892 1284 1011 1324 genus
1029 1299 1038 1307 .
1065 1272 1137 1310 Per
1169 1272 1339 1312 marinas
1370 1275 1475 1314 enim
1505 1275 1595 1316 No-

127 1328 298 1367 taticnes
320 1325 456 1368 Claffis
478 1327 702 1368 Praefectus
718 1355 729 1371 ,
771 1328 816 1367 &
848 1328 1028 1367 Navium
1056 1327 1314 1369 Gubernator
1351 1331 1596 1386 quicumque

124 1381 226 1424 noffe
249 1394 442 1440 poterunt
467 1398 549 1438 quo
582 1395 764 1438 tempore
793 1383 1040 1438 compellant
1069 1393 1158 1424 tuto
1190 1386 1320 1425 naveis
1336 1384 1418 1426 suas
1435 1388 1474 1426 in
1497 1403 1593 1444 por«

124 1451 209 1494 tum
229 1468 240 1483 ,
272 1455 320 1481 ne
337 1438 508 1481 secundis
531 1443 655 1482 ventis
685 1441 874 1495 quidem,
905 1439 968 1481 sed
985 1437 1148 1481 adverso
1178 1443 1296 1482 maris
1325 1442 1428 1484 aestu
1455 1445 1496 1484 in
1525 1444 1592 1488 fic..

123 1511 174 1538 co
203 1496 390 1538 haereant
419 1511 534 1539 naves
549 1499 593 1536 ἃ
608 1496 839 1552 frangantur
862 1509 1076 1551 antequam
1091 1508 1278 1552 optatum
1294 1510 1457 1553 portum
1486 1531 1498 1547 ,
1530 1503 1597 1545 vel

122 1552 262 1594 insulas
294 1555 455 1609 capiant
478 1585 488 1592 .
521 1555 624 1594 Item
640 1553 799 1595 noscere
814 1564 1007 1610 poterunt
1023 1569 1104 1609 quo
1133 1565 1316 1608 tempore
1344 1570 1465 1597 naves
1489 1575 1512 1599 a
1528 1574 1596 1601 va..

122 1610 180 1652 dis
198 1608 270 1651 fint
299 1610 551 1652 abducendae
566 1638 578 1653 ‚
596 1625 644 1651 ne
657 1612 860 1652 minuente
877 1609 996 1652 Aestu
1013 1612 1069 1652 ibi
1084 1608 1339 1654 afflictentur
1355 1616 1398 1654 &
1414 1627 1593 1668 pereant,

124 1677 170 1708 ut
205 1668 414 1709 innumeris
446 1668 619 1722 contigit
643 1680 758 1707 antea
785 1668 829 1706 ὃ(
859 1670 1071 1723 continget
1102 1667 1231 1709 rursus
1248 1697 1259 1711 ‚
1288 1672 1329 1710 ni
1362 1671 1412 1711 ad
1432 1671 1593 1714 Aestum

126 1725 323 1765 marinum
354 1723 564 1777 diligenter
592 1724 846 1765 attendatur.
876 1724 942 1765 Ad
960 1723 1086 1780 ipsum
1103 1735 1209 1765 certe
1226 1725 1434 1780 diligenter
1464 1740 1595 1771 atten-

126 1781 244 1822 debat
274 1781 320 1820 C.
343 1780 466 1832 Julius
495 1778 637 1821 Caesar
668 1782 918 1836 Imperator,
948 1783 1016 1835 qui
1044 1783 1088 1822 vin
1118 1782 1375 1838 expeditione
1399 1786 1595 1830 Britanni-

127 1852 174 1878 ca
188 1835 306 1877 solvit
322 1837 366 1876 ὅ(
382 1837 557 1878 Ventum
575 1839 619 1878 &
634 1836 797 1878 Aestum
821 1852 904 1877 uno
918 1848 1102 1893 tempore
1127 1840 1263 1879 nactus
1289 1839 1502 1883 secundum
1520 1845 1591 1894 (b),

122 1905 171 1934 ut
191 1891 268 1949 ipse
298 1892 474 1947 loquitur
489 1897 541 1942 (c)
557 1925 567 1940 ,
593 1895 873 1949 cognovitque
888 1896 1039 1936 Lunam
1056 1895 1214 1951 plenam
1231 1898 1452 1939 maritimos
1469 1899 1592 1942 aestus

126 1951 320 1991 maximos
348 1951 390 1990 in
414 1951 578 1990 Oceano
609 1949 765 1992 efficere
794 1949 1026 1992 consuevisse
1045 1980 1056 1995 ‚
1086 1962 1206 2008 atque
1234 1964 1404 2008 propter
1435 1957 1591 1998 crebras

123 2007 455 2049 commutationes
470 2005 657 2048 Aestuum
686 2021 848 2063 magnos
877 2005 1018 2050 fluctus
1033 2006 1117 2049 fieri
1133 2040 1142 2048 .
1174 2011 1357 2064 Denique
1384 2026 1533 2067 magno
1547 2014 1591 2056 il-

124 2065 155 2106 li
169 2065 410 2120 Imperatori
439 2065 622 2120 ignotum
653 2077 736 2105 non
762 2075 847 2106 erat
861 2066 1118 2121 Aequinoctii
1149 2076 1229 2107 tem
1262 2080 1329 2108 ore
1346 2070 1403 2118 (d)
1421 2082 1591 2126 propter

125 2124 294 2175 majores
323 2118 460 2162 Aestus
486 2118 653 2162 infirmis
681 2122 862 2164 Navibus
892 2124 1188 2178 navigationem
1244 2123 1467 2166 ubeundam
1508 2143 1590 2170 non

126 2176 198 2219 effe
217 2208 227 2222 ‚
258 2177 350 2218 ideo
366 2188 459 2220 ante
489 2176 567 2219 hoc
586 2188 741 2235 tempus
773 2194 823 2221 ex
839 2191 962 2236 portu
977 2179 1096 2223 solvit
1111 2209 1123 2227 ,
1138 2181 1183 2220 ὃς
1199 2182 1332 2221 naveis
1359 2185 1514 2225 omneis
1533 2186 1594 2227 in.

129 2234 317 2274 columeis
349 2236 390 2275 in
419 2234 593 2276 Galliam
623 2236 812 2292 perduxit
841 2265 851 2274 .
883 2237 985 2279 Item
1012 2252 1085 2293 per
1112 2238 1286 2279 Mai-inas
1316 2240 1589 2288 Notationes‚

128 2290 239 2346 quod
262 2305 321 2333 res
338 2291 484 2334 nostras
501 2295 665 2349 propius
684 2296 872 2351 attingit,
886 2295 1037 2337 vector
1054 2297 1096 2337 &
1110 2295 1208 2337 alius
1233 2296 1476 2352 quicumque
1490 2297 1590 2342 Ter-

1548 2371 1590 2406 ΥΒ

163 2474 205 2506 (a)
225 2472 370 2502 Blanchin.
384 2473 495 2510 obst-w.
507 2474 658 2511 Astronom.
673 2477 701 2507 ἃ»
717 2478 867 2517 Geograplz.
889 2481 991 2509 Veron.
1019 2487 1094 2511 1727.
1111 2489 1138 2513 Ρ.
1153 2488 1212 2512 ²3⁷-

157 2508 206 2573 <(lb)
221 2507 410 2580 gZZIICOo4tan
427 2509 553 2574 Z'ebulgell.
568 2512 644 2541 Gall.
659 2513 682 2541 .l.
694 2525 718 2546 ⁴-
733 2525 758 2548 p.
774 2526 815 2548 97-
1002 2516 1041 2545 (c)
1060 2514 1130 2543 Ibid.
1147 2523 1173 2548 p.
1189 2522 1247 2542 100.
