1814 2902
221 197 254 231 4
682 195 1203 241 PRAEFATIO

224 266 262 330 in
282 267 442 335 modum
459 282 636 315 unacum
669 277 826 335 reliquis
842 285 1002 339 optimis
1027 285 1188 331 artibus,
1200 297 1298 342 quae
1313 283 1363 325 ad
1374 282 1667 342 philosophiam

224 322 501 391 historiamque
532 333 756 378 naturalem
773 367 783 382 ‚
811 340 855 380 δε
899 355 981 381 rem
1017 342 1213 383 medicam
1246 342 1445 396 pertinent
1462 344 1670 385 ‚excrevit

222 390 341 433 atque
366 382 562 448 eXCOhth
582 418 593 434 ‚
623 399 670 431 ut
700 394 817 435 hodie
847 410 980 437 cernas
1008 399 1174 440 eximios
1207 396 1466 452 Philosophos
1483 428 1494 444 ,
1522 397 1668 453 regios-

221 451 299 502 que?
330 451 427 502 pene
457 441 640 488 Medicos
672 450 844 491 Conchis
877 453 1133 508 Cochleisque
1161 468 1251 497 cum
1283 455 1419 508 primis
1444 453 1664 498 oblecstari,

223 491 442 549 scrlmaque
456 499 706 545 refertiffima
730 521 868 547 earum
896 508 1040 550 habere
1055 540 1068 558 ,
1093 521 1212 564 atque
1242 510 1360 551 libros
1380 511 1598 564 perpolitos
1617 510 1665 552 de

223 551 284 593 his
300 552 441 595 edere·
467 555 597 601 Testes
632 561 729 602 mihi
762 560 834 603 fint
861 565 902 605 in
932 565 1006 609 hac
1036 581 1077 607 re
1107 567 1302 607 Martinus
1329 566 1494 607 Listerus
1525 568 1664 606 Annae

226 623 393 663 magnae
424 613 647 659 Britanniae
676 618 853 672 Reginae
880 621 1051 663 medicus
1076 653 1086 668 ,
1118 620 1277 662 Hanfius
1321 623 1497 662 Sloanius
1527 623 1664 663 acade-

225 667 327 707 miae
354 669 601 713 Britannicae
635 675 852 728 praefectus
870 705 881 721 ,
906 681 1100 721 Antonius
1132 676 1377 719 Vallisnerius
1410 679 1556 719 doctor
1583 679 1662 732 pri-

224 725 368 764 marius
403 726 617 769 patavinus
661 732 705 771 &
744 733 915 774 medicus
949 737 1142 777 caesareus
1175 765 1185 780 ,
1221 736 1409 775 Nicolaus
1444 735 1664 775 Gualterius

226 782 364 835 magni
380 783 502 823 Ducis
520 787 694 836 Etruriae
711 818 721 833 ,
751 789 794 828 &
824 790 959 831 Petrus
975 792 1217 833 Christianus
1237 792 1457 847 Wagnerus
1471 792 1662 846 principis

223 836 431 878 Baruthini
447 841 620 886 medicus
637 874 647 889 ,
665 843 851 899 Josephus
881 848 1055 890 Montius
1086 847 1286 892 historicus
1303 847 1488 890 naturalis
1519 850 1563 888 δε
1591 847 1660 888 bo-

222 894 377 935 tanicus
395 896 641 940 Bononiensis
657 928 667 944 ,
686 901 908 943 Ludovicus
939 905 1198 960 Bourguettus
1216 903 1473 958 philosophus
1502 905 1661 944 Neoco-

223 948 360 991 menfis
378 980 388 995 ‚
418 952 563 1010 aliique
587 956 835 1012 quamplures
866 988 877 1002 ,
906 962 973 1015 qui
1003 961 1104 1002 hanc
1137 974 1219 1001 rem
1243 958 1393 1015 scriptis
1421 961 1464 1000 &
1492 959 1658 999 cimeliis

222 1006 486 1050 excoluerunt
501 1040 511 1055 ,
540 1026 712 1066 quorum
728 1016 849 1055 etiam
866 1017 1044 1058 nonnulli
1075 1020 1253 1058 auctores
1271 1047 1282 1062 ,
1319 1014 1571 1069 fautoresque
1589 1014 1664 1056 stu—

224 1062 384 1105 diorum
403 1065 622 1108 nostrorum
643 1069 874 1111 exstiterunt
891 1103 898 1111 .
925 1075 985 1113 De
1016 1073 1247 1128 praestantia
1265 1088 1359 1114 vero
1377 1072 1514 1112 harum
1530 1087 1661 1112 rerum

224 1120 396 1176 praestat
428 1124 587 1176 quidem
611 1124 718 1167 filere
732 1155 742 1170 ‚
769 1141 886 1181 quam
910 1144 1033 1184 pauca
1049 1131 1180 1175 dicere
1202 1145 1212 1174 ς
1241 1143 1378 1171 verum
1395 1128 1523 1182 aliqua
1539 1127 1665 1171 modo

224 1190 311 1216 non
339 1183 650 1233 praetermittam
681 1211 690 1220 ·
722 1185 930 1226 Praetereo
960 1187 1119 1240 quidem
1152 1217 1162 1232 ‚
1193 1197 1393 1239 tamquam
1424 1185 1660 1238 jampridem

224 1232 449 1279 obsoletum
465 1265 477 1281 ‚
506 1237 629 1279 solum
661 1240 973 1296 Conchyliorum
998 1241 1152 1283 succum
1169 1269 1179 1286 ‚
1211 1256 1347 1295 regum
1373 1240 1504 1284 vesteis
1521 1243 1564 1284 &
1579 1254 1662 1280 ma·

224 1302 440 1345 gnatorum
455 1293 553 1334 olim
571 1295 740 1336 infeciffe
757 1327 767 1341 ,
799 1299 841 1336 &
867 1299 980 1338 unice
1006 1299 1116 1352 hujus
1134 1298 1269 1339 colore
1287 1329 1297 1343 ,
1325 1309 1368 1337 ut
1386 1313 1407 1336 a
1425 1298 1587 1351 privatis
1609 1295 1662 1336 se-

224 1348 499 1401 jungerentur,
515 1349 663 1393 fulxiffe
680 1384 687 1392 .
703 1355 910 1398 Praetereo
925 1356 1109 1400 Vniones,
1124 1369 1209 1410 quae
1226 1352 1348 1409 reipsa
1365 1353 1418 1394 nil
1436 1352 1541 1395 aliud
1561 1350 1661 1396 sunt.

225 1402 297 1445 nisi
313 1405 568 1447 concharum
599 1409 697 1449 vitia
713 1437 725 1453 ,
753 1420 797 1450 ut
826 1410 946 1463 aliqui
963 1412 1206 1452 arbitrantur
1220 1412 1436 1451 maximum
1464 1419 1593 1452 tamen
1616 1409 1662 1450 .&

225 1460 540 1514 pretiosiffimum
553 1466 735 1507 omnibus
751 1468 992 1522 temporibus
1007 1477 1274 1511 matronarum
1287 1497 1295 1509 ‚
1312 1467 1353 1505 &
1371 1467 1595 1520 principum
1613 1463 1664 1504 fe·
1700 1508 1703 1511 ,

226 1518 424 1558 minarum
440 1532 735 1562 ornamentum·
753 1523 849 1564 Non
866 1524 1091 1579 praeteribo
1107 1533 1238 1562 tamen
1255 1522 1434 1562 Conchas
1452 1552 1461 1565 ‚
1481 1518 1662 1562 marinos-

226 1588 304 1628 que
320 1575 539 1618 Vmbilicos
551 1609 562 1624 ,
578 1589 786 1634 ceteraque
800 1579 841 1619 id
858 1594 976 1634 genus
995 1579 1310 1633 Conchyliorum
1327 1607 1336 1621 ,
1361 1592 1459 1632 quae
1476 1579 1515 1616 in
1532 1578 1660 1620 omni-

224 1630 296 1670 bus
313 1628 390 1672 fere
407 1636 603 1676 montibus
619 1635 726 1675 orbis
744 1645 934 1677 terrarum
948 1637 1196 1691 reperiuntur
1212 1663 1223 1679 ,
1256 1633 1379 1674 testeis
1398 1633 1468 1673 effe
1484 1633 1659 1673 luculen-

225 1696 289 1727 tos
308 1690 440 1743 magni
457 1689 556 1731 illius
573 1691 768 1732 Noachici
795 1692 1048 1748 cataclysmi,
1077 1707 1194 1747 quem
1209 1705 1257 1732 ex
1271 1691 1328 1731 his
1345 1690 1515 1744 reliquiis
1537 1704 1661 1744 agno-

225 1756 368 1785 verunt
385 1747 526 1800 populi
542 1747 619 1789 fere
635 1747 823 1792 univerfi;
848 1749 1100 1802 quamquam'
1112 1747 1242 1802 postea
1269 1746 1404 1786 fabulis
1432 1746 1560 1785 multis
1577 1759 1659 1785 rno-

226 1814 269 1841 τε
285 1799 352 1841 suo
378 1802 651 1845 involuerum,
676 1813 720 1841 ut
751 1802 963 1844 Venufinus
991 1810 1109 1858 poeta
1123 1807 1177 1852 (a)
1194 1830 1204 1845 ‚
1236 1805 1278 1842 ὃς
1300 1799 1556 1844 Certaldenfis
1589 1815 1659 1840 no-

226 1855 300 1899 ster
314 1859 369 1907 (h)
384 1886 395 1901 ‚
423 1873 592 1914 quorum
606 1860 754 1915 primus
768 1857 818 1901 sie
835 1859 1118 1919 cataclysmum
1132 1859 1208 1902 ode
1223 1861 1273 1901 11.
1290 1860 1448 1899 innuens
1466 1888 1476 1902 ,
1505 1859 1583 1901 ait:

319 1934 338 1956 V

342 1973 459 2014 Omne
488 1990 597 2030 quum
628 1975 774 2016 Proteus
801 1989 908 2032 pecus
939 1982 1009 2034 egit
1039 1978 1128 2019 altos

771 2036 887 2080 Visere
914 2040 1061 2075 monteis
1077 2062 1089 2077 ‚

342 2086 502 2142 Piscium
531 2090 584 2131 {5
605 2091 751 2145 fitmma
775 2083 887 2147 ginus
916 2091 1021 2143 haefit
1053 2091 1172 2132 ulmo*

271 2201 521 2258 Graccusque
537 2205 796 2260 Xenophanes
815 2205 1090 2250 fatetur,etiam
1107 2219 1155 2246 ex
1171 2204 1228 2244 his
1251 2202 1382 2244 πάντα
1399 2201 1657 2243 ἐπηλωθιῗται

229 2254 355 2299 πάλαι
370 2290 381 2306 ‚
410 2264 544 2302 omnia
559 2261 703 2305 scilicet
718 2266 826 2320 aquis
849 2263 994 2304 &luto
1010 2262 1109 2304 olim
1124 2260 1265 2305 infecta
1280 2261 1407 2304 fuiffe.
1438 2263 1521 2303 Hae
1545 2266 1659 2302 nimi-

1570 2330 1657 2358 rum

269 2418 324 2449 (a)
345 2417 442 2446 Horat.
456 2421 573 2449 carmin.
585 2422 629 2449 lib.
647 2431 667 2450 r.
683 2423 735 2451 Od.
750 2422 792 2451 II.

271 2452 326 2484 (b)
346 2454 451 2482 Bor-cat.
464 2455 602 2493 I'itilocop.
614 2457 660 2484 lib.
674 2468 698 2489 7.
