1814 2902
177 244 227 279 68
632 240 1186 286 SPECIME‘N

174 334 376 379 ragraret.
408 322 574 364 Fortasse
599 339 678 365 non
694 328 877 368 omnibus
895 329 934 368 in
949 327 1046 368 locis
1063 327 1202 368 eodem
1218 330 1338 384 pacto
1353 326 1506 370 cursum
1532 328 1642 371 suum

173 378 298 422 servat
327 394 432 421 mare
461 409 467 416 -
498 380 732 423 Observavit
762 396 965 439 praeterea
995 385 1268 426 Montanarius
1303 385 1478 427 Flumina
1505 389 1642 428 omnia

174 437 292 498 Maris
325 437 546 478 Hadriatici
573 437 823 481 sinistrorsum
853 443 893 481 in
922 439 1049 496 ipsum
1079 441 1115 482 se
1144 456 1359 484 exonerare
1391 470 1401 485 ‚
1431 453 1478 483 ut
1509 457 1644 484 revera

172 492 423 535 sinistrorsum
452 493 487 536 se
518 492 552 534 se
584 509 800 538 exonerant
831 496 992 539 flumina
1023 498 1150 540 nostra
1182 528 1191 543 ‚
1238 497 1462 554 praesertim
1494 500 1644 541 Arimi·

175 549 286 591 nense
319 551 511 593 Maricula
543 551 844 595 hodie'dicstum
874 571 884 600 ;
913 556 1037 608 Qod
1075 555 1269 611 aliquibus
1312 555 1491 597 mirabile
1519 556 1646 598 videri

174 608 303 663 potest
320 637 329 652 ,
360 623 429 648 cur
461 610 595 661 potius
625 621 766 651 contra
790 611 943 653 cursum
959 614 1075 653 maris
1092 613 1362 666 ingrediantur
1381 641 1392 656 ,
1421 615 1534 668 eique
1550 613 1645 655 dum

173 663 346 716 influunt
377 680 457 705 non
487 665 773 719 obsequantur.
804 669 876 710 Sed
906 669 1017 723 hujus
1042 670 1097 710 rei
1112 671 1216 710 ratio
1232 668 1310 716 est,
1341 669 1450 724 quod
1466 680 1646 726 tempore

172 720 314 763 Cursus
345 721 543 776 tranquilli
572 723 754 765 Fluminis
785 726 835 766 ad
866 726 1071 768 dexteram
1101 729 1234 768 Arena
1264 727 1309 766 &
1337 727 1518 768 Coenum
1547 727 1648 768 mul-

172 789 256 819 tum
284 789 490 834 aggeratur
522 777 692 821 secundo
722 784 837 823 maris
866 781 975 824 fluxu
1006 785 1061 825 ibi
1092 795 1394 838 comportatum
1427 811 1436 820 -
1471 784 1649 839 Tempo-

172 851 214 877 re
246 852 341 879 vero
360 867 370 882 ,
401 852 481 892 quo
505 837 680 881 Flumina
695 840 818 893 Aquis
850 841 993 894 pluviis
1026 851 1182 882 tument
1211 842 1255 881 &
1286 840 1489 882 exundant
1507 872 1517 887 ‚
1548 852 1646 881 tunc

173 905 339 950 propter
370 894 696 948 impedimentum
726 896 824 937 illud
853 912 876 936 a
905 897 1074 938 dexteris
1105 896 1304 951 aggestum
1335 925 1345 940 ‚
1390 896 1644 939 sinistrorsum

173 949 212 992 se
241 962 506 995 convertunt,
537 953 580 991 &
604 954 756 1007 impetu
788 953 894 994 facto
919 955 1102 1000 irruunt,
1134 965 1178 994 ut
1193 967 1327 995 revera
1346 952 1508 1007 strepitu
1526 956 1644 996 irruit

172 1008 328 1052 noster,
359 1010 402 1049 ἃ
431 1007 518 1048 saxa
549 1009 798 1064 glareamque
828 1012 994 1051 multam
1025 1011 1075 1051 ad
1105 1008 1293 1051 sinistram
1323 1011 1454 1063 rejicit
1484 1038 1494 1054 ,
1524 1022 1571 1052 ut
1599 1024 1649 1052 ex

172 1065 230 1106 his
261 1065 357 1106 saxis
389 1066 597 1120 glareaque
627 1081 746 1122 agger
775 1069 938 1122 quidam
956 1096 966 1111 ‚
995 1069 1037 1107 &
1068 1069 1097 1109 is
1129 1067 1218 1108 satis
1245 1068 1344 1108 altus
1375 1081 1424 1107 ex
1454 1082 1647 1123 aquarum

174 1122 388 1163 sedimento
419 1124 610 1163 excitetur
635 1155 645 1168 ,
675 1126 743 1178 qui
774 1125 823 1164 ad
854 1125 935 1166 duo
968 1124 1092 1165 millia
1124 1124 1299 1179 passuum
1333 1125 1491 1165 circiter
1519 1139 1648 1181 prope

175 1181 288 1221 Mare
306 1210 315 1225 ,
346 1177 478 1220 senfim
504 1190 636 1220 tamen
667 1183 892 1221 imminutus
911 1210 920 1224 ‚
954 1183 1234 1235 protenditur.
1268 1181 1314 1221 Id
1344 1182 1491 1222 accidit
1521 1183 1646 1222 etiam

175 1238 219 1277 in
248 1238 432 1277 Metauro
457 1237 582 1277 nobili
611 1239 793 1291 antiquae
810 1237 963 1278 Galliae
991 1240 1190 1278 Senonum
1222 1235 1384 1278 flumine
1401 1268 1411 1283 ‚
1441 1249 1487 1278 ut
1513 1238 1649 1292 glarea

176 1295 256 1347 ejus
287 1292 485 1334 Pisaurum
513 1292 628 1347 usque
645 1294 865 1335 advehatur
883 1323 893 1338 ‚
924 1293 1194 1349 quodcauffae
1211 1293 1264 1334 est
1280 1305 1326 1333 ut
1343 1295 1484 1334 Portus
1500 1321 1512 1338 ,
1529 1308 1649 1348 quem

175 1352 325 1404 magnis
350 1349 536 1391 sumtibus
569 1351 686 1390 toties
713 1348 782 1391 sibi
812 1349 1115 1391 construxerunt
1131 1348 1314 1390 Fanenses
1332 1351 1386 1390 cis
1405 1350 1644 1396 Metaurum,

175 1405 403 1461 hujusmodi
434 1407 566 1461 glarea
593 1405 742 1462 semper
774 1407 1022 1463 compleatur
1048 1439 1059 1454 ,
1089 1409 1131 1447 &
1164 1406 1316 1447 inutilis
1349 1404 1421 1453 fit,
1453 1421 1576 1461 quum
1608 1411 1649 1447 in

177 1464 265 1520 ipso
295 1466 479 1504 Metauro
496 1463 622 1505 fuisset
637 1464 913 1505 construendus
932 1493 941 1508 ,
974 1475 1019 1506 ut
1035 1464 1142 1505 utilis
1161 1465 1203 1504 &
1221 1475 1433 1518 perpetuus
1451 1475 1650 1504 maneret.

178 1521 471 1577 Guglielrninus
502 1522 747 1562 Montanarii
776 1520 985 1574 discipulus
1013 1535 1254 1575 quamquam
1285 1535 1376 1559 cum
1408 1518 1495 1574 ipso
1527 1534 1650 1574 agno-

178 1578 260 1620 scat
287 1576 452 1619 Cursum
491 1579 607 1619 maris
635 1577 753 1618 nostri
781 1579 888 1633 apud
918 1592 988 1618 nos
1013 1575 1260 1618 dextrorsum
1294 1576 1456 1618 tendere
1475 1607 1485 1622 ‚
1516 1588 1649 1618 tamen

180 1636 326 1677 oblitus
358 1634 410 1675 est
435 1635 543 1690 quod
572 1633 723 1677 disertis
753 1637 878 1676 verbis
910 1632 1116 1688 scripserat
1148 1634 1421 1674 Montanarius
1447 1634 1496 1674 de
1511 1632 1654 1687 ingres-

182 1692 222 1734 su
252 1692 457 1734 fluminum
487 1694 528 1732 in
558 1707 664 1733 mare
695 1691 893 1734 nostrum,
924 1692 968 1731 &
992 1701 1132 1731 contra
1171 1691 1460 1745 experientiam
1492 1689 1648 1731 afferuit

180 1751 359 1790 Flumina
376 1747 624 1791 Ferrarienfia
641 1780 651 1795 ,
680 1751 724 1790 ὃς
750 1749 902 1789 Galliae
933 1747 1084 1789 nostrae
1115 1757 1303 1801 togatae,
1334 1745 1398 1787 seu
1426 1746 1647 1794 Aemiliae,

185 1820 228 1848 ut
255 1808 372 1848 hodie
403 1818 569 1848 vocatur
595 1835 605 1850 ,
637 1807 687 1847 ad
713 1806 916 1847 dexteram
949 1808 989 1845 in
1007 1807 1118 1845 Mare
1135 1802 1298 1847 influere
1330 1807 1428 1852 (a),
1453 1805 1644 1859 deceptus

182 1880 324 1921 nempe
349 1866 501 1905 ratione
532 1863 654 1904 fluxus
685 1864 800 1902 maris
832 1861 934 1902 illius
966 1861 1125 1905 dextri,
1157 1861 1225 1914 qui
1256 1859 1447 1900 debuerat
1465 1860 1648 1902 dextror-

183 1919 264 1962 sum
293 1923 426 1961 onmia
450 1930 731 1973 comportare·
765 1921 822 1958 At
853 1917 958 1959 nuda
986 1918 1090 1958 ratio
1122 1918 1160 1956 in
1186 1916 1299 1958 rebus
1331 1914 1499 1971 physicis
1523 1914 1549 1956 si
1581 1930 1649 1957 ex-

185 1979 378 2032 perientia
408 2005 418 2020 ‚
446 1978 489 2016 &
520 1974 793 2016 observatione
824 1990 905 2015 non
934 1974 1117 2015 fulciatur
1153 2004 1162 2018 ,
1192 1972 1426 2028 plerumque
1457 1972 1620 2015 vacillat
1640 2001 1649 2010 .

185 2035 324 2075 Fateor
354 2046 486 2075 tamen
514 2033 693 2074 mirabile
720 2030 842 2074 visum
858 2031 928 2072 effe
958 2033 1000 2072 &
1030 2031 1113 2072 aliis
1140 2031 1240 2070 Viris
1271 2030 1402 2070 multis
1421 2061 1432 2076 ,
1460 2032 1504 2071 &
1534 2031 1574 2070 in
1607 2043 1650 2071 re

188 2106 288 2145 quae
318 2092 366 2131 ad
399 2102 554 2131 motum
586 2104 774 2143 aquarum
804 2091 979 2144 pertinet
1017 2089 1239 2129 exercitatis
1266 2118 1277 2133 ,
1317 2084 1478 2127 flumina
1519 2085 1650 2128 nostra

191 2162 275 2189 tam
306 2146 504 2202 insigniter
544 2145 797 2188 sinistrorsum
828 2148 869 2186 in
899 2148 1010 2187 Mare
1041 2143 1201 2185 influere
1219 2172 1229 2187 ‚
1259 2144 1304 2183 &
1338 2142 1428 2184 saxa
1458 2143 1649 2198 glaream-

192 2220 267 2260 que
299 2209 499 2260 ingentem
530 2204 578 2244 acl
609 2215 763 2245 tantum
793 2202 1044 2244 intervallum
1059 2203 1100 2241 in
1115 2200 1216 2240 hanc
1244 2210 1397 2255 partem
1413 2212 1553 2241 contra
1568 2215 1652 2241 ma·

195 2264 245 2303 ris
277 2261 430 2302 cursum
447 2262 668 2316 deponere.
701 2262 771 2302 Sed
804 2275 907 2301 mare
940 2272 1067 2314 prope
1103 2256 1246 2297 littora
1274 2255 1403 2297 nostra
1440 2258 1650 2298 tumenteis

194 2333 313 2374 aquas
344 2318 549 2360 fluminum
578 2316 768 2359 lenissimo
797 2316 863 2357 suo
893 2328 1007 2356 motu
1036 2328 1169 2369 regere
1194 2329 1274 2354 non
1298 2313 1453 2370 potest,
1484 2312 1652 2370 praeser-

196 2377 269 2415 ‘tim
299 2390 393 2416 vero
423 2378 514 2430 quia
544 2374 706 2416 flumina
732 2374 859 2415 nostra
884 2370 1125 2427 rapidissimo
1156 2369 1269 2412 cursu
1295 2385 1344 2412 ex
1374 2372 1566 2425 proximis
1594 2372 1653 2411 A-

199 2434 375 2488 penninis
402 2435 438 2473 in
469 2446 575 2473 mare
605 2431 865 2474 descendunt·
892 2431 1027 2483 Qare
1049 2428 1153 2485 apud
1187 2443 1257 2469 nos
1287 2439 1467 2482 tempore
1493 2440 1652 2480 magna-

1574 2498 1660 2526 rum

239 2569 276 2600 (a)
298 2567 453 2596 Gulielmin.
475 2569 505 2596 de
523 2567 641 2596 Flamin.
664 2568 763 2596 Nacur.
783 2570 850 2602 Cap.
864 2568 939 2597 VIII.
953 2564 1057 2594 Coi-011.
1070 2565 1131 2593 vu.
