1814 2902
461 223 828 268 APPENDIX
872 221 1229 265 SECVNDA·
1497 235 1546 271 97

123 327 186 359 tur
203 347 214 364 ‚
229 331 327 372 quae
343 313 429 372 ipsis
445 315 602 356 videtur
618 313 870 356 incommoda
885 343 895 358 ‚
915 317 954 354 in
971 328 1138 370 pronam
1151 343 1161 359 ‚
1181 310 1404 366 supinamve
1422 308 1548 351 subito

123 374 159 416 se
189 375 380 428 dejiciunt
404 372 544 413 aculeis
573 372 649 412 illis
680 400 691 415 ‚
723 371 786 412 sed
815 382 926 411 extra
951 385 1092 425 aquam
1125 382 1206 409 non
1240 366 1546 422 progrediuntur

124 445 312 486 umquam
329 459 340 474 ‚
366 440 412 471 ut
424 443 475 470 ex
488 430 662 484 repetitis
688 426 1024 469 observationibus
1040 457 1052 473 ,
1081 439 1176 481 quas
1192 425 1356 465 Liburni
1387 423 1545 465 instituit

125 484 479 544 compertissimum
503 485 630 525 habeo
647 513 655 521 .
675 486 732 525 Vt
748 485 869 538 igitur
884 483 1190 539 progrediantur
1205 495 1254 522 ex
1269 494 1441 535 corpore
1465 482 1549 521 uni-
1587 520 1590 524 ,

124 542 234 585 verso
257 545 458 584 innumera
472 544 634 582 Cornua
661 540 776 582 instar
803 555 941 582 eorum
958 568 969 583 ‚
997 553 1096 594 quae
1126 538 1211 579 sunt
1237 539 1278 578 in
1307 539 1439 594 capite
1470 539 1553 579 Coe

123 600 326 642 chlearum
345 628 355 644 ‚
378 614 476 655 quae
504 600 610 640 cerni
632 597 789 654 poffunt
807 597 944 639 eadem
967 594 1092 652 figura
1119 594 1186 636 sub
1203 595 1344 636 litteris
1360 610 1383 635 a
1397 608 1548 635 a-a-aa·

123 660 232 699 Haec
248 659 411 699 Cornua
432 655 545 696 nudis
561 655 684 696 oculis
709 665 901 710 apparent
926 655 1068 694 conica
1092 667 1184 694 cum
1215 652 1348 706 aliqua
1376 650 1546 693 umbella

124 716 165 755 in
182 716 329 756 vertice
344 744 356 760 ‚
381 712 443 754 sed
458 711 578 753 oculo
592 723 747 752 armato
770 709 796 751 fi
811 708 1109 765 conspiciantur
1126 741 1136 755 ,
1167 710 1279 751 nodis
1296 707 1382 748 sunt
1397 706 1549 749 interse-

124 773 188 813 &a
205 801 215 817 ,
236 773 313 826 -qui
340 769 435 811 nodi
450 769 530 810 albi
545 779 740 823 apparent
758 795 765 804 -
797 766 1127 820 HiscerCornibus
1144 766 1265 807 veluti
1298 765 1464 806 totidem
1485 778 1554 820 ρε-

123 828 238 869 dibus
272 827 459 868 incedunt
474 824 612 866 Echini
635 826 675 865 in
705 839 807 879 aqua
836 826 984 865 marina
1020 821 1186 865 immersi
1203 852 1214 867 ‚
1242 823 1286 862 ὃ(
1310 824 1416 864 reeta
1445 822 1555 864 velo-

125 886 302 938 citerque
325 883 540 927 incedunt;
566 883 649 923 imo
665 911 676 926 ,
703 879 729 922 fi
746 882 856 922 lubet
872 912 882 927 ‚
909 884 950 922 iis
965 883 1159 922 -cornibus
1185 879 1345 921 haerent
1368 877 1451 920 solo
1468 906 1478 921 ‚
1508 880 1552 918 ὅς

127 942 265 982 catinis
295 954 395 994 aqua
412 939 534 994 plenis
550 969 561 985 ,
588 950 634 979 ut
649 936 676 979 fi
691 939 843 980 catinus
867 939 1114 993 aliquantum
1130 937 1338 978 inclinetur
1354 967 1364 982 ‚
1381 935 1450 992 ipsi
1467 935 1555 977 hae-

126 1008 214 1038 re-nt
235 997 422 1038 lateribus
452 997 602 1039 catini,
629 1010 677 1037 ne
707 996 919 1037 decidant.
954 999 1009 1037 Ex
1026 997 1160 1036 catino
1187 1009 1345 1050 quoque
1378 992 1462 1048 ipso
1488 1008 1555 1035 ex-

125 1065 221 1095 eunt
249 1052 317 1094 nifi
333 1055 557 1108 operiatur,
583 1062 623 1092 at
636 1063 749 1094 extra
771 1066 913 1107 aquam
944 1053 1122 1094 incedere
1138 1063 1335 1106 nequeunt
1349 1079 1359 1095 ‚
1392 1049 1454 1091 sed
1473 1062 1551 1092 tan-

127 1121 213 1152 tum
236 1110 390 1152 aculeos
407 1119 560 1151 motant
575 1137 587 1152 ‚
616 1110 661 1149 &
675 1138 686 1153 ‚
709 1120 754 1150 ut
767 1109 850 1150 dixi
867 1140 877 1156 ‚
901 1108 927 1151 fi
945 1112 982 1151 in
1014 1121 1169 1165 partem
1195 1108 1399 1149 lateralem
1429 1107 1555 1149 collo-

126 1180 266 1209 centur
282 1197 292 1211 ‚
324 1166 454 1208 statim
471 1167 505 1207 se
526 1166 669 1207 aculeis
684 1165 756 1208 suis
772 1168 812 1206 in
830 1178 982 1221 partem
1000 1181 1167 1222 pronam
1185 1193 1195 1208 ‚
1227 1176 1296 1205 aut
1313 1163 1490 1221 supinam
1520 1162 1554 1205 se

127 1226 372 1268 obvertunt,
401 1223 466 1264 sed
483 1224 712 1280 plerumque
741 1225 780 1263 in
805 1238 994 1278 pronam,
1026 1236 1115 1263 nam
1143 1237 1212 1263 ore
1244 1235 1374 1276 prono
1405 1218 1554 1278 semper

127 1280 330 1322 observavi
353 1281 531 1321 incedere
545 1311 556 1326 ‚
570 1281 614 1319 &
629 1281 787 1334 quando
803 1281 1001 1324 incedunt,
1019 1290 1113 1320 tunc
1132 1281 1318 1320 immotos
1336 1310 1346 1324 ,
1372 1280 1415 1319 &
1430 1280 1557 1320 radia-

129 1339 202 1378 tim
232 1335 406 1378 extensos
424 1349 560 1378 tenent
588 1337 742 1378 aculeos
760 1368 767 1376 .
799 1337 1001 1378 Strucstura
1012 1335 1134 1377 Testae
1149 1335 1389 1377 Echinorum
1406 1335 1559 1379 constat

129 1409 179 1436 ex
195 1396 330 1436 decem
345 1394 568 1449 Triangulis
597 1393 804 1449 sphaericis
820 1424 832 1440 ,
854 1408 1022 1449 quorum
1039 1395 1210 1449 quinque
1226 1393 1452 1435 alternatim
1469 1393 1565 1434 sunt·

132 1455 310 1506 majora,
335 1452 565 1506 &quinque
589 1453 742 1492 minora
778 1479 785 1487 .
814 1452 930 1504 Qae
960 1453 1111 1504 majora
1142 1450 1229 1492 sunt
1259 1453 1382 1505 magis
1413 1450 1556 1491 aculeis

132 1507 220 1550 sunt
245 1509 394 1550 donata
409 1536 420 1551 ‚
446 1506 509 1549 sed
525 1508 740 1562 Triangula
770 1510 925 1549 minora
954 1508 1210 1549 foraminibus
1248 1508 1427 1563 praedita
1452 1506 1556 1553 sunt,

132 1580 201 1623 per
229 1580 328 1621 quae
352 1576 497 1607 exeunt
511 1567 671 1607 Cornua
699 1565 791 1612 illa,
821 1564 882 1606 seu
910 1566 1054 1622 pedeS,
1082 1566 1151 1620 qui
1178 1564 1340 1605 ducenti
1369 1565 1412 1604 &
1441 1565 1556 1619 quin-

131 1624 318 1678 quaginta
341 1621 428 1662 sunt
451 1624 491 1662 in
519 1623 699 1676 quolibet
724 1623 946 1678 Triangulo
971 1651 982 1667 ‚
1021 1636 1143 1677 quare
1172 1636 1377 1663 numerum
1409 1621 1557 1676 Pedum

132 1681 209 1720 erit
238 1678 340 1719 ultra
370 1678 477 1719 mille
506 1681 549 1719 &
578 1679 772 1719 ducentos
799 1680 839 1718 in
854 1679 1034 1734 quolibet
1049 1679 1226 1724 Echin05
1249 1679 1446 1720 Numerus
1463 1694 1560 1720 vero

132 1735 356 1776 aculeorum
375 1764 384 1778 ‚
414 1733 584 1790 quisunt
618 1746 699 1775 tam
726 1736 768 1775 in
784 1737 985 1792 triangulis
1012 1736 1223 1790 majoribus
1240 1764 1249 1778 ‚
1280 1750 1399 1790 quarn
1431 1737 1471 1776 in
1487 1737 1559 1777 rni-

132 1793 291 1834 noribus
308 1820 319 1835 ,
344 1794 422 1833 erit
451 1792 501 1832 ad
529 1793 610 1832 duo
641 1791 764 1833 millia
791 1793 835 1832 &
852 1794 980 1834 ultra.
1012 1792 1171 1848 Singula
1198 1792 1415 1848 Triangula
1439 1822 1450 1837 ‚
1482 1808 1560 1848 qua

130 1852 284 1902 majora
298 1877 308 1892 ,
335 1863 413 1903 qua
427 1850 583 1889 minora
610 1847 790 1889 bifariam
806 1848 1037 1890 dividuntur
1054 1877 1064 1893 ‚
1095 1864 1215 1903 quare
1237 1865 1288 1891 ex
1312 1852 1456 1906 viginti
1471 1850 1563 1892 Tri-

130 1906 281 1961 angulis
311 1907 568 1960 componitur
592 1904 767 1946 universa
780 1904 894 1947 Testa
921 1905 1197 1961 cujuscumque
1228 1906 1392 1947 Echini.
1427 1909 1559 1948 Partes

130 1963 272 2003 horum
287 1962 594 2016 Triangulorum
621 1961 848 2016 praesertim
870 1965 1083 2016 majoribus
1124 1978 1204 2003 non
1231 1963 1439 2018 perforatis
1473 1962 1560 2005 sunt

131 2019 362 2074 plerumque
391 2019 637 2074 heptagonae
653 2047 664 2062 ‚
690 2031 735 2060 ut
752 2018 882 2061 videre
899 2019 951 2059 est
982 2022 1022 2059 in
1038 2017 1164 2076 figura
1179 2022 1224 2061 C.
1239 2021 1392 2062 Tabula
1409 2023 1440 2062 1.
1472 2024 1563 2063 Par-

132 2088 188 2116 tes
218 2075 438 2130 perforatae
474 2075 559 2116 sunt
589 2077 819 2131 plerumque
850 2078 1091 2131 Hexagonae
1118 2105 1130 2120 ‚
1172 2087 1216 2117 ut
1257 2088 1366 2133 patet
1410 2093 1459 2119 ex
1499 2093 1563 2120 ea-

133 2132 221 2174 dem
246 2129 368 2187 figura
386 2161 396 2175 ,
427 2133 471 2172 &
499 2148 548 2174 ex
562 2134 740 2175 Partibus
771 2133 847 2175 istis
879 2134 1087 2189 perforatis
1116 2135 1159 2174 &
1191 2135 1389 2190 imperviis
1419 2137 1563 2177 Trian-

135 2189 271 2245 gulum
303 2188 545 2244 sphaericum
570 2192 609 2230 Β.
636 2189 835 2246 consurgit
865 2192 905 2231 in
929 2192 1065 2233 eadem
1088 2191 1242 2232 Tabula
1258 2192 1288 2230 I·
1318 2192 1535 2249 expressum
1550 2225 1560 2239 ‚

134 2259 214 2300 quo
243 2261 333 2287 curn
357 2247 401 2287 &
425 2261 516 2288 cum
546 2247 630 2288 aliis
660 2261 830 2303 quatuor
860 2259 948 2290 tota
982 2247 1219 2290 construitur
1249 2248 1364 2290 Testa
1393 2250 1554 2292 Echini-

133 2304 292 2344 Praeter
307 2303 375 2344 ista
392 2318 490 2358 pene
515 2306 717 2347 innumera
735 2306 926 2348 foramina
946 2338 955 2351 .
986 2321 1035 2349 ex
1049 2307 1185 2361 quibus
1219 2306 1420 2361 prodeunt
1445 2309 1561 2364 pedes

132 2359 191 2399 illi
217 2358 388 2414 copiosi,
415 2362 552 2402 decem
584 2363 658 2404 alia
688 2363 881 2405 foramina
913 2364 1047 2420 paullo
1072 2369 1223 2418 majora
1253 2363 1340 2406 sunt
1368 2365 1417 2406 ad
1445 2368 1563 2407 verti-

130 2431 217 2458 cem
246 2417 450 2473 Trianguli
478 2417 754 2477 cujuscumque
784 2437 858 2477 pro
886 2421 1108 2463 exclusione
1123 2424 1302 2463 Ovorum
1321 2449 1332 2466 ‚
1362 2437 1464 2478 quae
1479 2424 1562 2464 col-

127 2472 260 2515 locata
289 2473 374 2516 sunt
400 2477 440 2517 in
463 2488 576 2532 parte
606 2492 782 2523 concava
798 2479 1111 2534 Triangulorum
1142 2480 1303 2521 illorum
1336 2483 1532 2535 majorum
1549 2512 1561 2529 ‚

924 2539 963 2580 N
1504 2536 1565 2579 seu
