1814 2902
234 208 294 242 44
673 196 769 234 DE
828 194 1238 239 CONCHIS

238 284 279 324 ni
295 280 486 323 foramine
503 278 678 319 rotundo
708 276 781 319 fint
811 277 976 318 donati·
1005 278 1087 319 Alii
1111 293 1208 319 vero
1236 292 1312 333 pro
1341 277 1526 334 spongiae
1544 279 1670 336 specie

238 339 386 379 habent
402 345 569 390 propter
585 332 750 388 figuram
781 336 824 375 &
848 333 1072 375 levitatem.
1105 336 1207 376 Huic
1231 334 1420 390 alcyonio
1436 367 1446 382 ‚
1477 349 1522 377 ut
1549 337 1672 378 obser-

239 396 350 436 vavit
366 390 551 447 josephus
570 392 780 432 Zinannius
799 419 810 435 ‚
839 391 1001 431 haerent
1015 405 1131 432 nuces
1147 391 1236 432 illae
1253 393 1425 433 marinae
1442 391 1590 435 nostrae
1614 394 1673 434 la-

237 463 282 492 ta
312 449 406 491 testa
437 450 480 488 &
510 448 728 496 convoluta
759 479 770 495 ,
799 459 844 487 ut
871 448 1039 488 diximus
1065 453 1120 498 (a)
1153 477 1159 484 .
1197 449 1411 504 Propterea
1441 463 1556 489 nuces
1587 449 1671 490 illas

239 509 301 547 vir
330 503 556 546 clarissimus
586 504 782 546 hirudines
812 506 979 547 marinas
1011 506 1182 546 vocabat
1210 532 1218 542 ·
1260 506 1439 546 Secundo
1477 505 1569 546 loco
1600 505 1675 546 fre-

235 577 360 619 quens
376 561 475 602 subit
490 559 731 615 piscatorum
759 563 859 602 retia
887 560 1114 616 alcyonium
1146 562 1315 606 durum,
1347 575 1558 616 magnum,
1589 575 1673 603 tor-

239 618 356 661 tuosis
372 617 636 659 'amfractibus
664 629 900 659 excavatum
916 646 927 661 ‚
956 619 1064 673 quod
1093 617 1213 658 nostri
1239 617 1424 659 Turbante
1448 628 1615 674 propter
1629 616 1675 659 fi-

239 676 506 718 militudinem
529 675 740 728 quamdam
769 688 860 714 cum
878 674 1097 715 Turcarum
1129 676 1229 715 tiara
1258 674 1484 730 appellant.
1516 676 1604 716 Hoc
1622 689 1673 715 an

239 732 330 774 satis
346 735 446 774 bene
462 730 699 786 descriptum
727 729 773 771 fit
802 732 851 772 ab
881 732 1106 771 auctoribus
1137 732 1330 772 botanicis
1357 731 1475 772 ‚valde
1503 732 1673 772 dubito.

239 789 306 830 Ad
325 803 509 844 magnam
527 788 671 829 molem
686 786 846 842 affurgit
859 816 871 830 ‚
897 799 943 828 ut
966 789 1157 829 diameter
1186 790 1296 828 unius
1314 819 1326 834 ‚
1355 787 1460 842 quod
1487 788 1592 842 apud
1608 802 1671 829 me

239 846 294 888 est
313 877 324 892 ,
352 845 618 901 sesquipedalis
635 845 892 899 longitudinis
907 846 1122 900 reperiatur
1137 876 1148 890 ,
1173 845 1217 884 ὅτ.
1246 844 1561 885 circumferentia
1579 858 1673 899 pro-

241 904 336 944 inde
359 903 462 943 ultra
483 912 651 956 quatuor
666 902 780 958 pedes
796 902 1024 955 porrigatur
1042 929 1049 937 .
1078 900 1299 953 Qodlibet
1321 901 1465 941 horum
1481 903 1521 941 in
1537 902 1672 942 medio

239 957 421 1000 foramen
451 972 500 1000 ex
529 969 693 1013 utraque
729 967 841 1012 parte
869 972 1070 1013 permeans
1096 956 1215 997 habet
1243 988 1251 996 .
1280 958 1416 1009 Qare
1447 955 1674 1012 alcyonium

241 1016 321 1057 hoc
338 1020 461 1069 magis
479 1013 619 1054 fiscinis
653 1014 728 1054 illis
743 1015 890 1068 junceis
908 1044 920 1060 ,
947 1028 1046 1069 quae
1074 1014 1187 1055 olivis
1209 1011 1373 1054 contusis
1396 1013 1541 1067 plenae
1557 1012 1672 1067 prelo

243 1073 293 1115 ad
309 1072 443 1114 oleum
461 1070 707 1113 educ‘endum
725 1069 1010 1127 supponuntur,
1025 1069 1146 1112 fimile
1160 1068 1214 1110 est
1226 1100 1238 1116 ‚
1251 1084 1369 1126 quam
1400 1072 1518 1112 tiarae
1532 1069 1676 1111 Turci-

244 1145 314 1171 cae
332 1162 340 1169 .
369 1127 547 1169 Describi
577 1129 698 1183 igitur
727 1127 882 1182 poffet:
914 1129 1122 1183 Alcyonlum
1152 1129 1284 1169 durum
1313 1142 1510 1183 magnum,
1540 1139 1675 1169 tortuo-

235 1187 283 1240 fis
310 1185 449 1240 finibus
468 1196 717 1229 excavatum,
737 1185 789 1222 δ’
818 1189 857 1224 in
886 1185 998 1224 medio
1025 1186 1278 1240 perforatum,
1305 1185 1477 1225 oleariam
1500 1185 1675 1238 fiscinam

243 1245 403 1297 referens
421 1269 429 1278 .
454 1242 558 1282 Huic
575 1241 761 1296 alcyonio
777 1256 857 1295 quo
874 1241 922 1280 ad
939 1241 1124 1283 duritiem
1139 1241 1181 1280 &
1197 1243 1392 1280 internam
1415 1241 1577 1296 pulpam
1592 1239 1676 1281 val-

244 1301 293 1341 de
323 1297 444 1339 fimile
461 1297 512 1338 est
527 1297 757 1352 alcyonium
773 1297 940 1337 alterum
970 1297 1147 1351 glabrum
1171 1297 1214 1336 δε
1244 1295 1389 1337 flavum
1407 1324 1418 1340 ‚
1450 1295 1675 1350 malumque

246 1356 466 1412 cydonium
500 1353 666 1394 referens
699 1380 709 1396 ‚
747 1369 769 1394 a
808 1351 1062 1407 piscatoribus
1097 1351 1232 1393 nostris
1262 1352 1415 1408 Cotogna
1443 1357 1590 1393 marina
1620 1352 1679 1393 di-

248 1416 358 1455 &um
378 1443 386 1449 .
417 1412 564 1452 Colore
594 1410 685 1450 huic
709 1424 901 1464 perquam
931 1407 1050 1450 simile
1077 1408 1130 1449 est
1157 1411 1200 1450 &
1229 1410 1392 1450 alterum
1423 1409 1678 1464 alcyonium,

249 1468 312 1511 sed
330 1468 599 1524 magnitudine
614 1467 730 1521 longe
746 1469 869 1508 minus
887 1497 897 1512 ‚
926 1479 972 1507 ut
1002 1482 1124 1509 ovum
1155 1464 1411 1519 gallinaceum
1443 1466 1507 1506 vel
1535 1479 1679 1520 parvu-

249 1527 332 1567 lum
363 1527 527 1566 limonem
552 1522 694 1564 referat
711 1555 719 1561 .
749 1521 933 1563 Flavescit
962 1524 1066 1564 enim
1095 1522 1258 1576 pulchre
1286 1533 1332 1562 ut
1363 1523 1516 1562 medica
1545 1522 1676 1567 mala,

248 1584 351 1623 intus
373 1582 496 1636 pulpa
513 1581 671 1621 duriore
686 1579 838 1620 constat
851 1607 861 1622 ‚
876 1580 919 1618 &
932 1577 1036 1620 fibris
1054 1580 1237 1619 radiatim
1252 1577 1440 1632 dispositis
1457 1609 1467 1623 ,
1484 1579 1609 1619 odore
1624 1577 1678 1618 est

248 1639 463 1680 admodum
480 1637 696 1692 pisculento
713 1668 722 1676 .
750 1634 929 1676 Describi
943 1635 1088 1690 poffet:
1119 1637 1327 1690 Alcyonium
1338 1636 1489 1687 flavum
1519 1637 1647 1676 durius
1663 1662 1674 1678 ‚

248 1712 360 1737 ovum
378 1723 389 1740 ‚
412 1696 473 1735 vel
484 1707 647 1750 parvum
679 1694 817 1734 malum
833 1697 982 1733 citrium
1011 1693 1169 1745 reftrens
1186 1719 1194 1727 ·
1225 1692 1383 1746 Longus
1411 1692 1522 1731 nimis
1551 1689 1678 1735 effem,

249 1751 275 1793 si
292 1767 463 1808 corpora
478 1752 611 1791 omnia
626 1751 822 1790 maritima
849 1748 936 1789 heic
963 1747 1106 1790 referre
1133 1747 1272 1790 vellem
1288 1778 1296 1786 .
1324 1749 1419 1789 Non
1451 1749 1674 1802 praeteribo

249 1821 383 1850 tamen
411 1808 554 1849 referre
586 1807 812 1863 alcyonium
849 1803 1129 1846 foraminosum
1160 1806 1350 1857 Imperati
1379 1832 1390 1848 ‚
1429 1807 1474 1847 ὃς
1510 1805 1676 1845 arantias

249 1868 415 1908 marinas
432 1867 488 1916 (b)
504 1864 638 1906 colore
657 1862 773 1915 viridi
789 1862 856 1902 hic
875 1859 945 1902 effe
962 1858 1279 1915 frequentissimas
1297 1886 1308 1896 .

1587 2366 1680 2407 CA-

290 2480 328 2511 (a)
351 2479 413 2518 174.
420 2478 493 2543 [ἓν.
507 2480 588 2520 (aput
598 2490 629 2519 'xi
640 2488 665 2506 ιι
675 2489 695 2507 r.
707 2477 818 2507 Primae
828 2457 920 2506 Plattis
931 2486 1004 2505 num.
1018 2475 1054 2504 11.

289 2514 330 2546 lb)
349 2514 422 2550 sulp.
463 2514 553 2544 uulua.
565 2513 628 2542 Pm.
645 2519 701 2548 ³⁶9·
