1814 2902
179 224 230 259 86
487 221 963 263 APPENDIX
1019 220 1339 262 PRIMA.

232 306 295 346 XI.
329 306 416 361 Pag·
445 317 503 355 15.
530 307 614 363 Cap.
634 305 709 347 VII.
740 305 968 348 Testaceum
985 335 997 352 ,
1027 310 1165 349 Cornu
1181 305 1414 348 Hammonis
1446 305 1604 360 quidem
1623 316 1647 346 a

174 377 236 404 me
260 364 433 403 erectum
462 362 613 404 dicstum
630 392 641 408 ‚
670 362 733 404 seu
748 364 991 406 Orthoceras
1022 363 1069 406 fit
1093 363 1303 406 secundum
1319 391 1329 407 ‚
1363 363 1539 404 nativum
1564 363 1647 418 prin

173 434 282 460 mum
298 421 426 475 reperi
456 421 497 460 in
520 421 748 462 Sedimento
763 423 928 463 Littoris
948 421 1092 469 nostri,
1115 420 1177 463 sed
1209 418 1331 462 foffile
1346 421 1542 475 reperitur
1564 433 1646 460 non

174 487 329 517 tantum
359 477 399 516 in
423 479 545 517 arenis
563 479 787 531 Covignani
802 508 813 525 ‚
845 481 1117 533 verumetiam
1145 488 1348 533 repertum
1374 476 1450 518 fuit
1465 473 1587 530 foffile
1603 477 1646 516 in

174 535 312 575 Arenis
329 532 548 574 Senenfibus
565 534 646 575 loci
663 535 763 575 illius
794 537 1053 576 annotatione
1067 537 1114 576 V.
1131 536 1343 576 memorati
1358 561 1366 570 ·
1398 534 1500 574 Item
1516 547 1645 589 reper-

173 601 260 631 tum
290 590 367 632 fuit
383 586 520 631 “fossile
551 592 592 631 in
615 590 745 631 Terris
769 591 1067 634 Pedemontanis
1084 622 1094 637 ‚
1109 593 1220 632 'loco
1245 594 1429 646 Arignano
1456 590 1567 631 dicto
1583 620 1594 636 ‚
1621 604 1646 631 a

173 647 322 688 Carolo
338 645 519 688 Allionio
535 675 546 692 ‚
577 650 621 688 &
635 648 795 702 quidem
817 651 974 703 majoris
991 649 1103 690 molis
1121 678 1132 695 ,
1160 649 1228 703 qui
1243 662 1365 688 unum
1395 657 1463 687 aut
1477 647 1644 688 alterum

176 706 223 745 ad
241 718 304 745 me
333 701 436 744 misit
453 703 699 759 longitudine
729 705 885 759 pollicis
900 704 1111 748 Parifienfis
1127 733 1139 750 ‚
1164 706 1208 746 &
1233 704 1303 746 tali
1328 703 1577 759 longitudine
1603 705 1646 744 in

175 763 330 802 Littore
355 759 489 802 nostro
506 763 685 804 nativum
701 760 835 817 postea
847 764 1002 818 reperi.
1486 766 1489 768 ’

231 818 312 859 ΧΠ.
330 818 416 873 Pag.
441 833 494 866 17·
511 820 594 875 Cap.
611 820 656 860 X·
673 817 792 861 numo.
813 819 858 859 ΙΙ.
887 821 1124 875 Cogitatum
1140 820 1218 862 hoc
1236 834 1365 861 meum
1381 847 1391 863 ‚
1424 833 1503 874 quo
1527 816 1647 860 affero

175 877 360 916 Brumam
377 905 387 921 ‚
418 875 481 916 seu
506 878 666 918 navium
693 876 928 918 Teredinem
962 877 1067 917 idem
1089 877 1160 918 effe
1189 879 1397 919 Vermium
1423 890 1541 932 genus
1558 903 1570 920 ‚
1599 890 1647 916 ac

174 930 262 973 sunt
292 933 449 974 Vermes
483 933 541 974 illi
567 936 733 987 majores
758 935 879 975 erecti
902 934 1187 989 contortique,
1217 935 1286 988 qui
1315 933 1430 988 lignis
1460 930 1649 973 extrinse-

174 1003 242 1030 cus
258 1017 269 1032 ‚
298 988 430 1030 ostreis
448 1019 459 1033 ‚
488 988 661 1045 saxisque
677 989 958 1032 adhaerescunt
974 1018 985 1034 ,
1017 1004 1100 1031 non
1128 989 1181 1030 est
1197 991 1362 1031 omnino
1385 1003 1523 1031 verum
1540 1019 1552 1035 ‚
1581 985 1650 1030 etsi

174 1044 388 1088 verisimilis
405 1048 613 1102 quidpiam
628 1047 772 1088 habeat
790 1049 830 1087 in
859 1046 894 1088 se
908 1076 919 1092 ‚
950 1060 1143 1102 quantum
1159 1047 1209 1088 ad
1224 1046 1361 1088 Testae
1377 1044 1546 1102 figuram
1564 1077 1576 1093 ,
1605 1045 1650 1085 &

173 1103 346 1144 molem.
378 1105 546 1145 Brumae
577 1106 685 1146 enim
711 1107 898 1148 navium,
931 1103 995 1146 seu
1018 1105 1229 1147 Teredines
1259 1115 1383 1159 caput
1414 1104 1561 1145 habent
1589 1103 1650 1142 ni-

174 1175 290 1216 grum
304 1161 458 1202 duobus
474 1160 617 1203 effibus
640 1161 782 1202 lunatis
807 1162 997 1202 donatum
1025 1161 1229 1204 duriffimis
1245 1189 1256 1205 ‚
1288 1162 1428 1215 quibus
1457 1173 1650 1215 querneos

174 1217 306 1259 afferes
319 1226 335 1263 ”,
363 1218 486 1259 costas
501 1246 512 1263 ‚
531 1216 734 1274 trabesque
749 1220 909 1260 navium
926 1229 1155 1272 tegumenta
1171 1218 1441 1272 perterebrare
1464 1215 1650 1261 valeant;

174 1274 237 1316 sed
252 1286 375 1330 caput
388 1276 596 1317 vermium
624 1275 788 1328 illorum
804 1303 815 1319 ‚
844 1286 890 1315 ut
907 1274 1039 1329 postea·
1054 1275 1191 1315 melius
1220 1275 1420 1328 cognovi,
1451 1273 1581 1314 forma
1595 1271 1651 1313 est

174 1330 290 1373 instar
318 1333 461 1387 capitis
490 1334 700 1386 Papaveris
723 1331 937 1372 Rhoeados
955 1359 966 1375 ‚
995 1332 1038 1371 &
1055 1331 1191 1372 colore
1220 1329 1510 1374 rubicundum,
1542 1331 1652 1370 circa

174 1389 283 1443 quod
310 1390 404 1442 juba
428 1390 621 1444 quaedam
638 1420 648 1435 ,
680 1387 743 1430 seu
772 1389 1010 1443 capillitium
1033 1389 1228 1443 reperitur
1254 1387 1398 1428 coloris
1427 1389 1522 1427 item
1544 1387 1653 1428 rubi-

173 1446 295 1487 cundi
312 1477 323 1493 ,
356 1447 472 1502 quale
490 1446 566 1488 fuit
591 1444 830 1501 descriptum
849 1478 859 1491 ,
889 1446 932 1485 &
958 1447 1112 1500 pictum
1136 1460 1159 1485 a
1182 1446 1302 1486 Fabio
1317 1443 1517 1485 Columna
1547 1444 1650 1485 libro

173 1505 222 1545 de
238 1504 491 1557 Aquatilibus
513 1517 601 1558 cap·
620 1503 687 1542 XI.
703 1517 793 1558 pag.
813 1503 918 1542 XXI.
935 1504 978 1541 ὃς
994 1503 1120 1543 XXII·
1139 1504 1269 1544 Minus
1285 1503 1383 1542 bene
1401 1503 1555 1555 pictum
1572 1499 1651 1542 fuit

172 1561 250 1601 hoc
269 1561 477 1601 Vermium
507 1555 625 1615 genus
643 1575 665 1599 a
680 1559 925 1600 Rondeletio
940 1562 1040 1614 Cap.
1056 1559 1126 1599 VI.
1144 1559 1211 1612 qui
1227 1560 1351 1598 cirros
1376 1555 1445 1614 ipsi
1461 1555 1652 1613 apposuit

175 1617 294 1658 instar
325 1617 558 1661 Pennicilli‚
590 1627 635 1657 ut
663 1616 871 1657 adnotavit
898 1617 1003 1656 idem
1033 1616 1260 1659 Columna;
1286 1615 1466 1668 dixitque
1494 1612 1650 1669 insuper

174 1674 434 1716 Rondeletius
452 1672 573 1715 Testis
590 1672 814 1726 hujusmodi
829 1673 1024 1713 vermium
1040 1699 1051 1715 ‚
1082 1685 1180 1727 quas
1205 1685 1297 1712 cum
1312 1670 1550 1712 Dentalibus
1565 1673 1651 1711 An-

175 1731 364 1773 talibusve
379 1732 511 1787 capite
528 1731 576 1771 V.
602 1729 810 1771 confundit
826 1760 836 1775 ,
865 1729 1210 1785 Pharmacopoeos
1232 1730 1291 1768 uti
1318 1729 1361 1768 in
1374 1729 1583 1782 Vnguento
1598 1728 1651 1767 ci-

174 1791 283 1830 trino
315 1802 390 1843 pro
406 1784 594 1832 Dentali‚
625 1802 701 1843 pro
723 1784 963 1828 Dentifricio
993 1800 1161 1841 nempe,
1192 1796 1238 1826 ut
1254 1786 1452 1830 arbitror,
1481 1784 1543 1826 seu
1573 1799 1650 1840 pro

173 1844 403 1888 Cosmetico
419 1878 427 1885 .

233 1903 332 1944 XIII.
365 1904 452 1958 Pag.
476 1908 536 1942 18.
556 1903 642 1956 Cap.
661 1902 704 1941 X.
724 1900 777 1940 n0.
795 1900 857 1941 111.
873 1902 971 1941 Heic
995 1899 1220 1941 addendum
1236 1897 1291 1941 est
1314 1899 1421 1954 quod
1449 1900 1489 1938 in
1504 1897 1650 1939 Corol-
1726 1923 1729 1926 -

175 1962 273 2001 lario
304 1960 473 2001 diximus
506 1958 554 1999 de
569 1957 783 1999 Tubularia
811 1956 941 1997 nostra
964 1958 1155 2011 Filograna
1185 1956 1294 1997 dieta
1309 1984 1319 1999 ,
1350 1970 1449 2010 quae
1481 1953 1566 1995 esca
1596 1953 1663 1994 est‘

175 2017 328 2058 Echinis
356 2018 510 2057 marinis
528 2044 537 2058 ‚
570 2017 629 2055 uti
645 2015 820 2055 dicemus
851 2016 890 2054 in
910 2013 1162 2068 expositione
1185 2012 1362 2055 Tabulae
1379 2014 1429 2053 ΙΙ.
1447 2011 1651 2068 Appendi-

175 2077 227 2116 cis
246 2105 255 2120 ,
286 2075 329 2114 ὅ(
347 2076 384 2114 in
401 2071 644 2128 expofitione
659 2072 834 2113 Tabulae
851 2071 954 2112 XIX.
972 2071 1063 2112 huic
1079 2070 1318 2112 Tubulariae
1332 2072 1485 2112 dicatae
1503 2101 1511 2109 .

235 2131 352 2172 XIIII.
387 2131 473 2186 Pag.
496 2137 552 2171 18.
570 2132 653 2185 Cap,
673 2129 737 2171 XI.
755 2127 874 2171 numO-
894 2128 920 2168 I.
937 2129 1026 2169 Hoc
1042 2128 1234 2182 Operculi
1256 2142 1376 2182 genus
1393 2126 1513 2168 refert
1530 2126 1649 2167 Guala

175 2191 291 2230 terius
324 2191 364 2229 in
390 2186 459 2229 suo
475 2187 610 2228 Indice
626 2188 723 2228 Tab.
740 2187 857 2228 Lxx.
885 2183 951 2225 sub
978 2186 1130 2226 Littera
1145 2186 1195 2225 R.
1211 2184 1311 2225 Heic
1338 2184 1452 2239 plura
1469 2185 1651 2238 Opercu·

177 2246 309 2286 lorum
328 2260 468 2299 genera
486 2244 603 2286 effent
629 2244 828 2285 referenda
847 2271 856 2286 ‚
887 2256 986 2296 quae
1003 2245 1042 2282 in
1058 2244 1212 2283 Littore
1228 2242 1361 2282 nostro
1377 2242 1647 2295 reperiuntur,

178 2303 240 2344 sed
265 2301 497 2357 praesertim
525 2303 772 2358 Operculum
789 2298 990 2342 Cochleae
1016 2301 1228 2354 punctatae
1247 2327 1256 2342 ‚
1275 2313 1373 2354 quae
1391 2298 1512 2350 Bafino
1528 2297 1650 2351 vulgo

179 2362 406 2401 nominatur
423 2391 433 2406 ,
465 2363 576 2413 cujus
609 2360 810 2401 Cochleae
843 2355 995 2410 γένεσιν
1021 2358 1118 2398 Tab.
1146 2357 1214 2396 XI.
1242 2358 1284 2396 in
1312 2355 1547 2412 Appendice
1574 2351 1650 2394 fuse

176 2432 417 2473 exponemus
437 2448 445 2456 .
477 2421 680 2458 Praeterea
697 2417 782 2458 heic
799 2432 905 2459 varia
921 2415 1215 2472 Operculorum
1233 2428 1377 2469 genera
1399 2414 1650 2466 reperiuntur

180 2489 327 2518 cornea
344 2502 354 2519 ‚
387 2476 430 2515 &
444 2476 569 2516 veluti
597 2477 776 2516 coriacea
792 2503 804 2520 ,
833 2488 932 2529 quae
950 2472 1192 2515 subrotunda
1212 2469 1298 2512 sunt
1313 2501 1324 2517 ,
1351 2471 1395 2510 &
1410 2466 1650 2511 diversorum

1553 2525 1651 2565 Tur-
