<?xml version="1.0" encoding="UTF-8"?>
<!DOCTYPE html PUBLIC "-//W3C//DTD XHTML 1.0 Transitional//EN"
    "http://www.w3.org/TR/xhtml1/DTD/xhtml1-transitional.dtd">
<html xmlns="http://www.w3.org/1999/xhtml" xml:lang="en" lang="en">
 <head>
  <title>
</title>
<meta http-equiv="Content-Type" content="text/html;charset=utf-8" />
  <meta name='ocr-system' content='tesseract 3.04.00' />
  <meta name='ocr-capabilities' content='ocr_page ocr_carea ocr_par ocr_line ocrx_word'/>
</head>
<body>
  <div class='ocr_page' id='page_1' title='image "./janiplanciarimin00bian_0073.png"; bbox 0 0 1814 2902; ppageno 0'>
   <div class='ocr_carea' id='block_1_1' title="bbox 417 193 1576 241">
    <p class='ocr_par' dir='ltr' id='par_1_1' title="bbox 417 193 1576 241">
     <span class='ocr_line' id='line_1_1' title="bbox 417 193 1576 241; baseline -0.007 -1"><span class='ocrx_word' id='word_1_1' title='bbox 417 193 1266 240; x_wconf 85' lang='lat' dir='ltr'>AESTVSMARITIMI</span> <span class='ocrx_word' id='word_1_2' title='bbox 1526 197 1576 241; x_wconf 75' lang='grc' dir='ltr'>ὂς</span> 
     </span>
    </p>
   </div>
   <div class='ocr_carea' id='block_1_2' title="bbox 77 283 1599 2451">
    <p class='ocr_par' dir='ltr' id='par_1_2' title="bbox 77 283 1599 2451">
     <span class='ocr_line' id='line_1_2' title="bbox 114 283 1583 345; baseline -0.005 -14"><span class='ocrx_word' id='word_1_3' title='bbox 114 290 198 333; x_wconf 89' lang='lat' dir='ltr'>lum</span> <span class='ocrx_word' id='word_1_4' title='bbox 229 287 432 332; x_wconf 88' lang='lat' dir='ltr'>definitum</span> <span class='ocrx_word' id='word_1_5' title='bbox 464 302 618 345; x_wconf 84' lang='lat' dir='ltr'>tempus</span> <span class='ocrx_word' id='word_1_6' title='bbox 655 288 834 344; x_wconf 87' lang='lat' dir='ltr'>surgendi</span> <span class='ocrx_word' id='word_1_7' title='bbox 865 287 1009 329; x_wconf 84' lang='lat' dir='ltr'>habere</span> <span class='ocrx_word' id='word_1_8' title='bbox 1050 286 1259 327; x_wconf 90' lang='lat' dir='ltr'>videantur</span> <span class='ocrx_word' id='word_1_9' title='bbox 1283 312 1296 329; x_wconf 84' lang='lat'><em>,</em></span> <span class='ocrx_word' id='word_1_10' title='bbox 1340 294 1475 325; x_wconf 88' lang='lat' dir='ltr'>tamen</span> <span class='ocrx_word' id='word_1_11' title='bbox 1505 283 1583 338; x_wconf 89' lang='lat' dir='ltr'>ple-</span> 
     </span>
     <span class='ocr_line' id='line_1_3' title="bbox 117 341 1588 404; baseline -0.005 -16"><span class='ocrx_word' id='word_1_12' title='bbox 117 361 284 402; x_wconf 84' lang='lat' dir='ltr'>rumque</span> <span class='ocrx_word' id='word_1_13' title='bbox 309 348 416 404; x_wconf 87' lang='lat' dir='ltr'>apud</span> <span class='ocrx_word' id='word_1_14' title='bbox 436 362 507 388; x_wconf 87' lang='lat' dir='ltr'>nos</span> <span class='ocrx_word' id='word_1_15' title='bbox 527 349 641 388; x_wconf 89' lang='lat' dir='ltr'>Mare</span> <span class='ocrx_word' id='word_1_16' title='bbox 657 344 702 387; x_wconf 88' lang='lat' dir='ltr'>fit</span> <span class='ocrx_word' id='word_1_17' title='bbox 718 345 910 387; x_wconf 59' lang='lat' dir='ltr'>fluctuans</span> <span class='ocrx_word' id='word_1_18' title='bbox 941 346 986 384; x_wconf 90' lang='lat'>&amp;</span> <span class='ocrx_word' id='word_1_19' title='bbox 1010 341 1279 399; x_wconf 90' lang='lat' dir='ltr'>procellosum</span> <span class='ocrx_word' id='word_1_20' title='bbox 1294 343 1588 397; x_wconf 79' lang='lat' dir='ltr'>magis-tempo-</span> 
     </span>
     <span class='ocr_line' id='line_1_4' title="bbox 113 397 1583 460; baseline -0.004 -15"><span class='ocrx_word' id='word_1_21' title='bbox 113 419 156 446; x_wconf 88' lang='lat' dir='ltr'>re</span> <span class='ocrx_word' id='word_1_22' title='bbox 181 404 325 445; x_wconf 87' lang='lat' dir='ltr'>Fluxus</span> <span class='ocrx_word' id='word_1_23' title='bbox 345 435 357 451; x_wconf 95' lang='lat'>,</span> <span class='ocrx_word' id='word_1_24' title='bbox 387 418 508 459; x_wconf 83' lang='lat' dir='ltr'>quam</span> <span class='ocrx_word' id='word_1_25' title='bbox 539 415 720 460; x_wconf 86' lang='lat' dir='ltr'>ternpore</span> <span class='ocrx_word' id='word_1_26' title='bbox 748 399 942 442; x_wconf 85' lang='lat' dir='ltr'>Refluxus</span> <span class='ocrx_word' id='word_1_27' title='bbox 972 427 982 443; x_wconf 88' lang='lat'>‚</span> <span class='ocrx_word' id='word_1_28' title='bbox 1009 400 1233 454; x_wconf 86' lang='lat' dir='ltr'>quinimmo</span> <span class='ocrx_word' id='word_1_29' title='bbox 1263 400 1303 438; x_wconf 89' lang='lat' dir='ltr'>in</span> <span class='ocrx_word' id='word_1_30' title='bbox 1333 398 1456 439; x_wconf 83' lang='lat' dir='ltr'>Fluxu</span> <span class='ocrx_word' id='word_1_31' title='bbox 1487 397 1583 439; x_wconf 89' lang='lat' dir='ltr'>sem-</span> 
     </span>
     <span class='ocr_line' id='line_1_5' title="bbox 115 454 1578 516; baseline -0.007 -14"><span class='ocrx_word' id='word_1_32' title='bbox 115 475 188 515; x_wconf 91' lang='lat' dir='ltr'>per</span> <span class='ocrx_word' id='word_1_33' title='bbox 216 493 228 509; x_wconf 92' lang='lat'><strong><em>,</em></strong></span> <span class='ocrx_word' id='word_1_34' title='bbox 268 463 389 502; x_wconf 88' lang='lat' dir='ltr'>etiam</span> <span class='ocrx_word' id='word_1_35' title='bbox 419 463 459 501; x_wconf 90' lang='lat' dir='ltr'>in</span> <span class='ocrx_word' id='word_1_36' title='bbox 488 475 632 516; x_wconf 88' lang='lat' dir='ltr'>magna</span> <span class='ocrx_word' id='word_1_37' title='bbox 650 458 966 514; x_wconf 82' lang='lat' dir='ltr'>tranquillitate,</span> <span class='ocrx_word' id='word_1_38' title='bbox 991 455 1209 514; x_wconf 88' lang='lat' dir='ltr'>paullulum</span> <span class='ocrx_word' id='word_1_39' title='bbox 1244 454 1410 496; x_wconf 59' lang='lat' dir='ltr'>fluctuat</span> <span class='ocrx_word' id='word_1_40' title='bbox 1441 455 1578 496; x_wconf 89' lang='lat' dir='ltr'>Mare.</span> 
     </span>
     <span class='ocr_line' id='line_1_6' title="bbox 115 510 1584 574; baseline -0.005 -14"><span class='ocrx_word' id='word_1_41' title='bbox 115 519 317 574; x_wconf 87' lang='lat' dir='ltr'><strong>Tempore</strong></span> <span class='ocrx_word' id='word_1_42' title='bbox 348 533 444 559; x_wconf 88' lang='lat' dir='ltr'>vero</span> <span class='ocrx_word' id='word_1_43' title='bbox 472 516 667 559; x_wconf 83' lang='lat' dir='ltr'>Refluxus</span> <span class='ocrx_word' id='word_1_44' title='bbox 693 516 865 557; x_wconf 82' lang='lat' dir='ltr'>Malacia</span> <span class='ocrx_word' id='word_1_45' title='bbox 894 515 1087 569; x_wconf 83' lang='lat' dir='ltr'>quaedam</span> <span class='ocrx_word' id='word_1_46' title='bbox 1117 511 1290 553; x_wconf 87' lang='lat' dir='ltr'>succedit</span> <span class='ocrx_word' id='word_1_47' title='bbox 1313 540 1323 555; x_wconf 93' lang='lat'>‚</span> <span class='ocrx_word' id='word_1_48' title='bbox 1355 512 1417 553; x_wconf 86' lang='lat' dir='ltr'>vel</span> <span class='ocrx_word' id='word_1_49' title='bbox 1447 510 1584 553; x_wconf 86' lang='lat' dir='ltr'>saltem</span> 
     </span>
     <span class='ocr_line' id='line_1_7' title="bbox 116 566 1587 630; baseline -0.004 -14"><span class='ocrx_word' id='word_1_50' title='bbox 116 576 250 630; x_wconf 83' lang='lat' dir='ltr'>aliqua</span> <span class='ocrx_word' id='word_1_51' title='bbox 273 586 432 622; x_wconf 90' lang='lat' dir='ltr'>motus,</span> <span class='ocrx_word' id='word_1_52' title='bbox 462 574 527 616; x_wconf 89' lang='lat' dir='ltr'>seu</span> <span class='ocrx_word' id='word_1_53' title='bbox 557 573 824 616; x_wconf 69' lang='lat' dir='ltr'>fluctuationis</span> <span class='ocrx_word' id='word_1_54' title='bbox 860 572 1113 613; x_wconf 90' lang='lat' dir='ltr'>imminutio.</span> <span class='ocrx_word' id='word_1_55' title='bbox 1144 570 1280 622; x_wconf 77' lang='lat' dir='ltr'>Qare</span> <span class='ocrx_word' id='word_1_56' title='bbox 1299 567 1457 610; x_wconf 80' lang='lat' dir='ltr'>Aestate</span> <span class='ocrx_word' id='word_1_57' title='bbox 1487 566 1587 610; x_wconf 74' lang='lat' dir='ltr'>sum·</span> 
     </span>
     <span class='ocr_line' id='line_1_8' title="bbox 118 626 1585 688; baseline -0.003 -15"><span class='ocrx_word' id='word_1_58' title='bbox 118 647 188 673; x_wconf 88' lang='lat' dir='ltr'>mo</span> <span class='ocrx_word' id='word_1_59' title='bbox 215 647 331 674; x_wconf 89' lang='lat' dir='ltr'>mane</span> <span class='ocrx_word' id='word_1_60' title='bbox 364 633 471 688; x_wconf 87' lang='lat' dir='ltr'>apud</span> <span class='ocrx_word' id='word_1_61' title='bbox 502 646 572 673; x_wconf 92' lang='lat' dir='ltr'>nos</span> <span class='ocrx_word' id='word_1_62' title='bbox 601 630 750 686; x_wconf 87' lang='lat' dir='ltr'>semper</span> <span class='ocrx_word' id='word_1_63' title='bbox 784 631 896 671; x_wconf 88' lang='lat' dir='ltr'>Mare</span> <span class='ocrx_word' id='word_1_64' title='bbox 927 628 980 670; x_wconf 92' lang='lat' dir='ltr'>est</span> <span class='ocrx_word' id='word_1_65' title='bbox 1010 626 1268 682; x_wconf 88' lang='lat' dir='ltr'>tranquillum</span> <span class='ocrx_word' id='word_1_66' title='bbox 1285 627 1464 680; x_wconf 29' lang='lat' dir='ltr'>{Hieme</span> <span class='ocrx_word' id='word_1_67' title='bbox 1490 641 1585 668; x_wconf 90' lang='lat' dir='ltr'>vero</span> 
     </span>
     <span class='ocr_line' id='line_1_9' title="bbox 119 681 1586 741; baseline -0.004 -12"><span class='ocrx_word' id='word_1_68' title='bbox 119 690 344 731; x_wconf 87' lang='lat' dir='ltr'>Occidente</span> <span class='ocrx_word' id='word_1_69' title='bbox 361 690 448 730; x_wconf 90' lang='lat' dir='ltr'>Sole</span> <span class='ocrx_word' id='word_1_70' title='bbox 465 719 477 733; x_wconf 89' lang='lat'><em>,</em></span> <span class='ocrx_word' id='word_1_71' title='bbox 506 691 554 729; x_wconf 88' lang='lat' dir='ltr'>iis</span> <span class='ocrx_word' id='word_1_72' title='bbox 569 687 719 729; x_wconf 88' lang='lat' dir='ltr'>scilicet</span> <span class='ocrx_word' id='word_1_73' title='bbox 736 687 983 741; x_wconf 86' lang='lat' dir='ltr'>temporibus</span> <span class='ocrx_word' id='word_1_74' title='bbox 1002 717 1013 732; x_wconf 92' lang='lat'>‚</span> <span class='ocrx_word' id='word_1_75' title='bbox 1029 686 1170 741; x_wconf 89' lang='lat' dir='ltr'>quibus</span> <span class='ocrx_word' id='word_1_76' title='bbox 1188 681 1377 724; x_wconf 83' lang='lat' dir='ltr'>Refluxus</span> <span class='ocrx_word' id='word_1_77' title='bbox 1394 683 1498 739; x_wconf 85' lang='lat' dir='ltr'>apud</span> <span class='ocrx_word' id='word_1_78' title='bbox 1514 697 1586 724; x_wconf 90' lang='lat' dir='ltr'>nos</span> 
     </span>
     <span class='ocr_line' id='line_1_10' title="bbox 122 739 1586 787; baseline -0.004 0"><span class='ocrx_word' id='word_1_79' title='bbox 122 744 212 787; x_wconf 88' lang='lat' dir='ltr'>sunt</span> <span class='ocrx_word' id='word_1_80' title='bbox 239 746 488 787; x_wconf 86' lang='lat' dir='ltr'>constantes:</span> <span class='ocrx_word' id='word_1_81' title='bbox 512 745 749 786; x_wconf 90' lang='lat' dir='ltr'>Dummodo</span> <span class='ocrx_word' id='word_1_82' title='bbox 781 755 913 784; x_wconf 86' lang='lat' dir='ltr'>tamen</span> <span class='ocrx_word' id='word_1_83' title='bbox 930 745 1051 785; x_wconf 86' lang='lat' dir='ltr'>Venti</span> <span class='ocrx_word' id='word_1_84' title='bbox 1082 740 1249 781; x_wconf 90' lang='lat' dir='ltr'>violenti</span> <span class='ocrx_word' id='word_1_85' title='bbox 1280 755 1359 782; x_wconf 90' lang='lat' dir='ltr'>non</span> <span class='ocrx_word' id='word_1_86' title='bbox 1390 739 1586 783; x_wconf 84' lang='lat' dir='ltr'>saeviant.</span> 
     </span>
     <span class='ocr_line' id='line_1_11' title="bbox 121 795 1593 857; baseline -0.004 -12"><span class='ocrx_word' id='word_1_87' title='bbox 121 803 259 856; x_wconf 81' lang='lat' dir='ltr'>Qare</span> <span class='ocrx_word' id='word_1_88' title='bbox 288 817 411 857; x_wconf 89' lang='lat' dir='ltr'>quum</span> <span class='ocrx_word' id='word_1_89' title='bbox 439 805 479 842; x_wconf 90' lang='lat' dir='ltr'>in</span> <span class='ocrx_word' id='word_1_90' title='bbox 508 800 772 857; x_wconf 88' lang='lat' dir='ltr'>superioribus</span> <span class='ocrx_word' id='word_1_91' title='bbox 789 801 941 841; x_wconf 63' lang='lat' dir='ltr'>dietum</span> <span class='ocrx_word' id='word_1_92' title='bbox 958 799 1004 841; x_wconf 87' lang='lat' dir='ltr'>fit</span> <span class='ocrx_word' id='word_1_93' title='bbox 1021 797 1157 839; x_wconf 70' lang='lat' dir='ltr'>Aestus</span> <span class='ocrx_word' id='word_1_94' title='bbox 1175 800 1344 851; x_wconf 88' lang='lat' dir='ltr'>majores</span> <span class='ocrx_word' id='word_1_95' title='bbox 1367 795 1451 838; x_wconf 86' lang='lat' dir='ltr'>fieri</span> <span class='ocrx_word' id='word_1_96' title='bbox 1478 799 1593 839; x_wconf 84' lang='lat' dir='ltr'>Luna.</span> 
     </span>
     <span class='ocr_line' id='line_1_12' title="bbox 122 856 1591 916; baseline -0.002 -17"><span class='ocrx_word' id='word_1_97' title='bbox 122 873 228 901; x_wconf 82' lang='lat' dir='ltr'>nova</span> <span class='ocrx_word' id='word_1_98' title='bbox 259 859 453 916; x_wconf 88' lang='lat' dir='ltr'>plenaque</span> <span class='ocrx_word' id='word_1_99' title='bbox 471 890 481 905; x_wconf 91' lang='lat'>‚</span> <span class='ocrx_word' id='word_1_100' title='bbox 515 870 610 900; x_wconf 90' lang='lat' dir='ltr'>tunc</span> <span class='ocrx_word' id='word_1_101' title='bbox 641 860 762 900; x_wconf 87' lang='lat' dir='ltr'>etiarn</span> <span class='ocrx_word' id='word_1_102' title='bbox 792 861 958 912; x_wconf 82' lang='lat' dir='ltr'>majores</span> <span class='ocrx_word' id='word_1_103' title='bbox 990 856 1266 899; x_wconf 67' lang='lat' dir='ltr'>fluctuationes</span> <span class='ocrx_word' id='word_1_104' title='bbox 1297 857 1335 895; x_wconf 91' lang='lat' dir='ltr'>in</span> <span class='ocrx_word' id='word_1_105' title='bbox 1352 856 1464 896; x_wconf 85' lang='lat' dir='ltr'>Mare</span> <span class='ocrx_word' id='word_1_106' title='bbox 1493 870 1591 896; x_wconf 89' lang='lat' dir='ltr'>con-</span> 
     </span>
     <span class='ocr_line' id='line_1_13' title="bbox 119 912 1590 972; baseline -0.001 -16"><span class='ocrx_word' id='word_1_107' title='bbox 119 918 282 972; x_wconf 88' lang='lat' dir='ltr'>tingunt</span> <span class='ocrx_word' id='word_1_108' title='bbox 300 947 311 963; x_wconf 96' lang='lat'><strong><em>,</em></strong></span> <span class='ocrx_word' id='word_1_109' title='bbox 344 919 387 957; x_wconf 87' lang='lat'>&amp;</span> <span class='ocrx_word' id='word_1_110' title='bbox 416 918 534 957; x_wconf 90' lang='lat' dir='ltr'>Venti</span> <span class='ocrx_word' id='word_1_111' title='bbox 553 917 720 969; x_wconf 87' lang='lat' dir='ltr'>majores</span> <span class='ocrx_word' id='word_1_112' title='bbox 737 917 776 955; x_wconf 92' lang='lat' dir='ltr'>in</span> <span class='ocrx_word' id='word_1_113' title='bbox 791 916 895 956; x_wconf 84' lang='lat' dir='ltr'>Aere</span> <span class='ocrx_word' id='word_1_114' title='bbox 908 943 925 967; x_wconf 19' lang='grc' dir='ltr'>Ι,</span> <span class='ocrx_word' id='word_1_115' title='bbox 948 916 1015 969; x_wconf 90' lang='lat' dir='ltr'>qui</span> <span class='ocrx_word' id='word_1_116' title='bbox 1041 926 1163 969; x_wconf 90' lang='lat' dir='ltr'>quum</span> <span class='ocrx_word' id='word_1_117' title='bbox 1195 912 1391 953; x_wconf 89' lang='lat' dir='ltr'>interdum</span> <span class='ocrx_word' id='word_1_118' title='bbox 1419 913 1486 954; x_wconf 90' lang='lat' dir='ltr'>diu</span> <span class='ocrx_word' id='word_1_119' title='bbox 1518 913 1590 954; x_wconf 92' lang='lat' dir='ltr'>du-</span> 
     </span>
     <span class='ocr_line' id='line_1_14' title="bbox 124 968 1589 1026; baseline -0.005 -12"><span class='ocrx_word' id='word_1_120' title='bbox 124 986 214 1014; x_wconf 87' lang='lat' dir='ltr'>rent</span> <span class='ocrx_word' id='word_1_121' title='bbox 242 973 562 1015; x_wconf 65' lang='lat' dir='ltr'>Fluetuationem</span> <span class='ocrx_word' id='word_1_122' title='bbox 579 974 699 1014; x_wconf 84' lang='lat' dir='ltr'>etiam</span> <span class='ocrx_word' id='word_1_123' title='bbox 716 983 900 1026; x_wconf 87' lang='lat' dir='ltr'>tempore</span> <span class='ocrx_word' id='word_1_124' title='bbox 926 970 1117 1013; x_wconf 85' lang='lat' dir='ltr'>Refluxus</span> <span class='ocrx_word' id='word_1_125' title='bbox 1134 972 1174 1009; x_wconf 92' lang='lat' dir='ltr'>in</span> <span class='ocrx_word' id='word_1_126' title='bbox 1192 971 1305 1011; x_wconf 88' lang='lat' dir='ltr'>Mare</span> <span class='ocrx_word' id='word_1_127' title='bbox 1330 968 1564 1011; x_wconf 77' lang='lat' dir='ltr'>conservant</span> <span class='ocrx_word' id='word_1_128' title='bbox 1578 997 1589 1007; x_wconf 82' lang='lat'><em>.</em></span> 
     </span>
     <span class='ocr_line' id='line_1_15' title="bbox 123 1026 1590 1084; baseline -0.002 -15"><span class='ocrx_word' id='word_1_129' title='bbox 123 1030 264 1072; x_wconf 85' lang='lat' dir='ltr'>Fateor</span> <span class='ocrx_word' id='word_1_130' title='bbox 294 1041 428 1072; x_wconf 79' lang='lat' dir='ltr'>tamen</span> <span class='ocrx_word' id='word_1_131' title='bbox 465 1033 635 1084; x_wconf 82' lang='lat' dir='ltr'>majores</span> <span class='ocrx_word' id='word_1_132' title='bbox 667 1031 821 1071; x_wconf 87' lang='lat' dir='ltr'>Ventos</span> <span class='ocrx_word' id='word_1_133' title='bbox 841 1057 851 1073; x_wconf 86' lang='lat'><em>‚</em></span> <span class='ocrx_word' id='word_1_134' title='bbox 880 1027 1124 1083; x_wconf 86' lang='lat' dir='ltr'>majoresque</span> <span class='ocrx_word' id='word_1_135' title='bbox 1155 1028 1276 1067; x_wconf 86' lang='lat' dir='ltr'>Maris</span> <span class='ocrx_word' id='word_1_136' title='bbox 1300 1026 1590 1068; x_wconf 65' lang='lat' dir='ltr'>Fluctuationes</span> 
     </span>
     <span class='ocr_line' id='line_1_16' title="bbox 123 1083 1590 1143; baseline -0.003 -16"><span class='ocrx_word' id='word_1_137' title='bbox 123 1088 233 1143; x_wconf 86' lang='lat' dir='ltr'>apud</span> <span class='ocrx_word' id='word_1_138' title='bbox 262 1101 331 1128; x_wconf 85' lang='lat' dir='ltr'>nos</span> <span class='ocrx_word' id='word_1_139' title='bbox 362 1089 596 1142; x_wconf 88' lang='lat' dir='ltr'>contingere</span> <span class='ocrx_word' id='word_1_140' title='bbox 625 1086 762 1141; x_wconf 86' lang='lat' dir='ltr'>paullo</span> <span class='ocrx_word' id='word_1_141' title='bbox 795 1097 884 1127; x_wconf 84' lang='lat' dir='ltr'>ante</span> <span class='ocrx_word' id='word_1_142' title='bbox 909 1085 1131 1126; x_wconf 87' lang='lat' dir='ltr'>Novilunia</span> <span class='ocrx_word' id='word_1_143' title='bbox 1148 1112 1157 1126; x_wconf 88' lang='lat'>‚</span> <span class='ocrx_word' id='word_1_144' title='bbox 1186 1084 1229 1123; x_wconf 86' lang='lat'>&amp;</span> <span class='ocrx_word' id='word_1_145' title='bbox 1255 1083 1496 1130; x_wconf 87' lang='lat' dir='ltr'>Plenilunia,</span> <span class='ocrx_word' id='word_1_146' title='bbox 1527 1084 1590 1125; x_wconf 83' lang='lat' dir='ltr'>vei</span> 
     </span>
     <span class='ocr_line' id='line_1_17' title="bbox 122 1139 1591 1198; baseline -0.003 -14"><span class='ocrx_word' id='word_1_147' title='bbox 122 1143 210 1198; x_wconf 88' lang='lat' dir='ltr'>ipso</span> <span class='ocrx_word' id='word_1_148' title='bbox 238 1144 735 1185; x_wconf 87' lang='lat' dir='ltr'>Novilunii&amp;Plenilunii</span> <span class='ocrx_word' id='word_1_149' title='bbox 765 1144 855 1187; x_wconf 89' lang='lat' dir='ltr'>die,</span> <span class='ocrx_word' id='word_1_150' title='bbox 886 1146 1006 1198; x_wconf 77' lang='lat' dir='ltr'>quam</span> <span class='ocrx_word' id='word_1_151' title='bbox 1033 1141 1120 1196; x_wconf 90' lang='lat' dir='ltr'>post</span> <span class='ocrx_word' id='word_1_152' title='bbox 1138 1139 1404 1180; x_wconf 86' lang='lat' dir='ltr'>Novilunium</span> <span class='ocrx_word' id='word_1_153' title='bbox 1435 1142 1478 1180; x_wconf 86' lang='lat'>&amp;</span> <span class='ocrx_word' id='word_1_154' title='bbox 1506 1140 1591 1182; x_wconf 91' lang='lat' dir='ltr'>Ple-</span> 
     </span>
     <span class='ocr_line' id='line_1_18' title="bbox 123 1195 1589 1254; baseline -0.004 -14"><span class='ocrx_word' id='word_1_155' title='bbox 123 1201 319 1242; x_wconf 89' lang='lat' dir='ltr'>nilunium</span> <span class='ocrx_word' id='word_1_156' title='bbox 338 1230 348 1245; x_wconf 89' lang='lat'>,</span> <span class='ocrx_word' id='word_1_157' title='bbox 381 1203 498 1241; x_wconf 89' lang='lat' dir='ltr'>tertia</span> <span class='ocrx_word' id='word_1_158' title='bbox 516 1200 662 1241; x_wconf 88' lang='lat' dir='ltr'>scilicet</span> <span class='ocrx_word' id='word_1_159' title='bbox 680 1200 746 1240; x_wconf 84' lang='lat' dir='ltr'>illa</span> <span class='ocrx_word' id='word_1_160' title='bbox 765 1201 828 1239; x_wconf 88' lang='lat' dir='ltr'>die</span> <span class='ocrx_word' id='word_1_161' title='bbox 845 1227 855 1243; x_wconf 88' lang='lat'><strong><em>,</em></strong></span> <span class='ocrx_word' id='word_1_162' title='bbox 888 1214 964 1254; x_wconf 87' lang='lat' dir='ltr'>qua</span> <span class='ocrx_word' id='word_1_163' title='bbox 984 1201 1151 1251; x_wconf 83' lang='lat' dir='ltr'>majores</span> <span class='ocrx_word' id='word_1_164' title='bbox 1169 1195 1305 1237; x_wconf 83' lang='lat' dir='ltr'>Aestus</span> <span class='ocrx_word' id='word_1_165' title='bbox 1319 1200 1563 1253; x_wconf 87' lang='lat' dir='ltr'>contingunt</span> <span class='ocrx_word' id='word_1_166' title='bbox 1580 1225 1589 1234; x_wconf 86' lang='lat'><strong>.</strong></span> 
     </span>
     <span class='ocr_line' id='line_1_19' title="bbox 121 1254 1591 1314; baseline -0.002 -15"><span class='ocrx_word' id='word_1_167' title='bbox 121 1257 236 1299; x_wconf 91' lang='lat' dir='ltr'>Tunc</span> <span class='ocrx_word' id='word_1_168' title='bbox 259 1260 362 1299; x_wconf 90' lang='lat' dir='ltr'>enim</span> <span class='ocrx_word' id='word_1_169' title='bbox 382 1259 477 1299; x_wconf 89' lang='lat' dir='ltr'>licet</span> <span class='ocrx_word' id='word_1_170' title='bbox 503 1256 651 1314; x_wconf 85' lang='lat' dir='ltr'>semper</span> <span class='ocrx_word' id='word_1_171' title='bbox 677 1259 802 1312; x_wconf 86' lang='lat' dir='ltr'>magis</span> <span class='ocrx_word' id='word_1_172' title='bbox 835 1256 979 1297; x_wconf 82' lang='lat' dir='ltr'>aestuet</span> <span class='ocrx_word' id='word_1_173' title='bbox 999 1288 1008 1302; x_wconf 87' lang='lat'>,</span> <span class='ocrx_word' id='word_1_174' title='bbox 1040 1255 1101 1296; x_wconf 91' lang='lat' dir='ltr'>seu</span> <span class='ocrx_word' id='word_1_175' title='bbox 1131 1255 1256 1309; x_wconf 85' lang='lat' dir='ltr'>magis</span> <span class='ocrx_word' id='word_1_176' title='bbox 1288 1254 1520 1297; x_wconf 79' lang='lat' dir='ltr'>intumescat</span> <span class='ocrx_word' id='word_1_177' title='bbox 1547 1256 1591 1296; x_wconf 86' lang='lat'>&amp;</span> 
     </span>
     <span class='ocr_line' id='line_1_20' title="bbox 128 1311 1594 1360; baseline -0.001 -6"><span class='ocrx_word' id='word_1_178' title='bbox 128 1313 371 1355; x_wconf 78' lang='lat' dir='ltr'>detumescat</span> <span class='ocrx_word' id='word_1_179' title='bbox 386 1315 497 1355; x_wconf 87' lang='lat' dir='ltr'>Mare</span> <span class='ocrx_word' id='word_1_180' title='bbox 516 1345 527 1360; x_wconf 93' lang='lat'>,</span> <span class='ocrx_word' id='word_1_181' title='bbox 555 1326 689 1354; x_wconf 83' lang='lat' dir='ltr'>tamen</span> <span class='ocrx_word' id='word_1_182' title='bbox 714 1329 796 1354; x_wconf 89' lang='lat' dir='ltr'>non</span> <span class='ocrx_word' id='word_1_183' title='bbox 811 1323 967 1354; x_wconf 88' lang='lat' dir='ltr'>tantum</span> <span class='ocrx_word' id='word_1_184' title='bbox 983 1313 1118 1353; x_wconf 85' lang='lat' dir='ltr'>Ventis</span> <span class='ocrx_word' id='word_1_185' title='bbox 1149 1314 1192 1352; x_wconf 87' lang='lat'>&amp;</span> <span class='ocrx_word' id='word_1_186' title='bbox 1224 1311 1420 1352; x_wconf 67' lang='lat' dir='ltr'>Fluctibus</span> <span class='ocrx_word' id='word_1_187' title='bbox 1445 1327 1594 1356; x_wconf 84' lang='lat' dir='ltr'>concu-</span> 
     </span>
     <span class='ocr_line' id='line_1_21' title="bbox 130 1367 1594 1427; baseline 0 -15"><span class='ocrx_word' id='word_1_188' title='bbox 130 1374 229 1412; x_wconf 89' lang='lat' dir='ltr'>titur</span> <span class='ocrx_word' id='word_1_189' title='bbox 264 1400 272 1415; x_wconf 90' lang='lat'><strong>,</strong></span> <span class='ocrx_word' id='word_1_190' title='bbox 306 1382 501 1427; x_wconf 84' lang='lat' dir='ltr'>quantum</span> <span class='ocrx_word' id='word_1_191' title='bbox 533 1382 624 1411; x_wconf 86' lang='lat' dir='ltr'>ante</span> <span class='ocrx_word' id='word_1_192' title='bbox 655 1399 665 1414; x_wconf 84' lang='lat'><strong>,</strong></span> <span class='ocrx_word' id='word_1_193' title='bbox 697 1373 741 1411; x_wconf 83' lang='lat'>&amp;</span> <span class='ocrx_word' id='word_1_194' title='bbox 770 1368 853 1426; x_wconf 87' lang='lat' dir='ltr'>ipso</span> <span class='ocrx_word' id='word_1_195' title='bbox 870 1371 1212 1424; x_wconf 66' lang='lat' dir='ltr'>Conjund&#39;tionum</span> <span class='ocrx_word' id='word_1_196' title='bbox 1241 1368 1303 1408; x_wconf 90' lang='lat' dir='ltr'>die</span> <span class='ocrx_word' id='word_1_197' title='bbox 1335 1400 1342 1407; x_wconf 90' lang='lat'><strong>.</strong></span> <span class='ocrx_word' id='word_1_198' title='bbox 1375 1367 1594 1412; x_wconf 80' lang='lat' dir='ltr'>Observavi</span> 
     </span>
     <span class='ocr_line' id='line_1_22' title="bbox 127 1424 1593 1483; baseline 0.001 -15"><span class='ocrx_word' id='word_1_199' title='bbox 127 1440 332 1483; x_wconf 85' lang='lat' dir='ltr'>praeterea</span> <span class='ocrx_word' id='word_1_200' title='bbox 348 1429 622 1469; x_wconf 84' lang='lat' dir='ltr'>Barometrum</span> <span class='ocrx_word' id='word_1_201' title='bbox 637 1426 867 1468; x_wconf 87' lang='lat' dir='ltr'>instantibus</span> <span class='ocrx_word' id='word_1_202' title='bbox 885 1426 1244 1481; x_wconf 71' lang='lat' dir='ltr'>Conjundtionibus</span> <span class='ocrx_word' id='word_1_203' title='bbox 1270 1424 1418 1480; x_wconf 87' lang='lat' dir='ltr'>semper</span> <span class='ocrx_word' id='word_1_204' title='bbox 1436 1426 1484 1467; x_wconf 89' lang='lat' dir='ltr'>ad</span> <span class='ocrx_word' id='word_1_205' title='bbox 1502 1429 1593 1469; x_wconf 86' lang='lat' dir='ltr'>treis</span> 
     </span>
     <span class='ocr_line' id='line_1_23' title="bbox 125 1482 1592 1540; baseline -0.001 -14"><span class='ocrx_word' id='word_1_206' title='bbox 125 1486 188 1526; x_wconf 89' lang='lat' dir='ltr'>vel</span> <span class='ocrx_word' id='word_1_207' title='bbox 219 1496 390 1540; x_wconf 87' lang='lat' dir='ltr'>quatuor</span> <span class='ocrx_word' id='word_1_208' title='bbox 415 1486 534 1526; x_wconf 84' lang='lat' dir='ltr'>lineas</span> <span class='ocrx_word' id='word_1_209' title='bbox 551 1485 749 1539; x_wconf 85' lang='lat' dir='ltr'>deprimi.</span> <span class='ocrx_word' id='word_1_210' title='bbox 781 1487 933 1526; x_wconf 52' lang='lat' dir='ltr'>Exactis</span> <span class='ocrx_word' id='word_1_211' title='bbox 968 1499 1062 1526; x_wconf 91' lang='lat' dir='ltr'>vero</span> <span class='ocrx_word' id='word_1_212' title='bbox 1079 1484 1440 1536; x_wconf 72' lang='lat' dir='ltr'>Conjunc‘tionibus</span> <span class='ocrx_word' id='word_1_213' title='bbox 1457 1482 1592 1524; x_wconf 84' lang='lat' dir='ltr'>senfim</span> 
     </span>
     <span class='ocr_line' id='line_1_24' title="bbox 127 1537 1593 1598; baseline -0.001 -15"><span class='ocrx_word' id='word_1_214' title='bbox 127 1543 167 1582; x_wconf 89' lang='lat' dir='ltr'>in</span> <span class='ocrx_word' id='word_1_215' title='bbox 186 1541 389 1598; x_wconf 88' lang='lat' dir='ltr'>pristinum</span> <span class='ocrx_word' id='word_1_216' title='bbox 419 1542 566 1583; x_wconf 84' lang='lat' dir='ltr'>redire·</span> <span class='ocrx_word' id='word_1_217' title='bbox 594 1541 718 1596; x_wconf 89' lang='lat' dir='ltr'>quue</span> <span class='ocrx_word' id='word_1_218' title='bbox 750 1541 827 1582; x_wconf 88' lang='lat' dir='ltr'>fere</span> <span class='ocrx_word' id='word_1_219' title='bbox 859 1552 1055 1597; x_wconf 88' lang='lat' dir='ltr'>perpetuo</span> <span class='ocrx_word' id='word_1_220' title='bbox 1072 1537 1156 1581; x_wconf 81' lang='lat' dir='ltr'>fieri</span> <span class='ocrx_word' id='word_1_221' title='bbox 1181 1541 1284 1596; x_wconf 85' lang='lat' dir='ltr'>apud</span> <span class='ocrx_word' id='word_1_222' title='bbox 1303 1555 1373 1580; x_wconf 89' lang='lat' dir='ltr'>nos</span> <span class='ocrx_word' id='word_1_223' title='bbox 1391 1554 1462 1595; x_wconf 87' lang='lat' dir='ltr'>per</span> <span class='ocrx_word' id='word_1_224' title='bbox 1479 1544 1593 1596; x_wconf 89' lang='lat' dir='ltr'>quin-</span> 
     </span>
     <span class='ocr_line' id='line_1_25' title="bbox 124 1597 1590 1653; baseline 0.001 -14"><span class='ocrx_word' id='word_1_225' title='bbox 124 1601 338 1653; x_wconf 89' lang='lat' dir='ltr'>quennium</span> <span class='ocrx_word' id='word_1_226' title='bbox 355 1597 587 1643; x_wconf 89' lang='lat' dir='ltr'>observavi,</span> <span class='ocrx_word' id='word_1_227' title='bbox 616 1611 665 1638; x_wconf 87' lang='lat' dir='ltr'>ut.</span> <span class='ocrx_word' id='word_1_228' title='bbox 690 1601 757 1639; x_wconf 86' lang='lat' dir='ltr'>vix</span> <span class='ocrx_word' id='word_1_229' title='bbox 783 1611 858 1639; x_wconf 85' lang='lat' dir='ltr'>tres</span> <span class='ocrx_word' id='word_1_230' title='bbox 890 1599 952 1639; x_wconf 81' lang='lat' dir='ltr'>vel</span> <span class='ocrx_word' id='word_1_231' title='bbox 983 1599 1478 1653; x_wconf 71' lang='lat' dir='ltr'>quatuorConjuneciones</span> <span class='ocrx_word' id='word_1_232' title='bbox 1511 1598 1590 1640; x_wconf 88' lang='lat' dir='ltr'>hoc</span> 
     </span>
     <span class='ocr_line' id='line_1_26' title="bbox 125 1655 1594 1712; baseline 0.001 -17"><span class='ocrx_word' id='word_1_233' title='bbox 125 1666 306 1712; x_wconf 84' lang='lat' dir='ltr'>tempore</span> <span class='ocrx_word' id='word_1_234' title='bbox 339 1657 387 1696; x_wconf 87' lang='lat' dir='ltr'>ab</span> <span class='ocrx_word' id='word_1_235' title='bbox 402 1656 475 1695; x_wconf 84' lang='lat' dir='ltr'>hac</span> <span class='ocrx_word' id='word_1_236' title='bbox 507 1655 641 1708; x_wconf 83' lang='lat' dir='ltr'>regula</span> <span class='ocrx_word' id='word_1_237' title='bbox 676 1656 974 1696; x_wconf 78' lang='lat' dir='ltr'>aberraverint.</span> <span class='ocrx_word' id='word_1_238' title='bbox 998 1658 1044 1696; x_wconf 90' lang='lat' dir='ltr'>Id</span> <span class='ocrx_word' id='word_1_239' title='bbox 1071 1671 1122 1696; x_wconf 91' lang='lat' dir='ltr'>an</span> <span class='ocrx_word' id='word_1_240' title='bbox 1153 1656 1310 1696; x_wconf 85' lang='lat' dir='ltr'>eveniat</span> <span class='ocrx_word' id='word_1_241' title='bbox 1342 1666 1436 1696; x_wconf 88' lang='lat' dir='ltr'>tunc</span> <span class='ocrx_word' id='word_1_242' title='bbox 1454 1658 1594 1696; x_wconf 86' lang='lat' dir='ltr'>Attra-</span> 
     </span>
     <span class='ocr_line' id='line_1_27' title="bbox 125 1711 1593 1767; baseline 0.001 -15"><span class='ocrx_word' id='word_1_243' title='bbox 125 1714 256 1753; x_wconf 71' lang='lat' dir='ltr'>&lt;stione</span> <span class='ocrx_word' id='word_1_244' title='bbox 289 1713 458 1767; x_wconf 79' lang='lat' dir='ltr'>quadam</span> <span class='ocrx_word' id='word_1_245' title='bbox 477 1714 608 1753; x_wconf 85' lang='lat' dir='ltr'>Lunae</span> <span class='ocrx_word' id='word_1_246' title='bbox 623 1714 666 1752; x_wconf 67' lang='grc' dir='ltr'>ὃς</span> <span class='ocrx_word' id='word_1_247' title='bbox 684 1712 780 1753; x_wconf 85' lang='lat' dir='ltr'>Solis</span> <span class='ocrx_word' id='word_1_248' title='bbox 799 1742 808 1757; x_wconf 91' lang='lat'><em>‚</em></span> <span class='ocrx_word' id='word_1_249' title='bbox 835 1715 903 1767; x_wconf 89' lang='lat' dir='ltr'>qui</span> <span class='ocrx_word' id='word_1_250' title='bbox 918 1711 1060 1753; x_wconf 87' lang='lat' dir='ltr'>sursum</span> <span class='ocrx_word' id='word_1_251' title='bbox 1078 1715 1223 1753; x_wconf 86' lang='lat' dir='ltr'>Aerem</span> <span class='ocrx_word' id='word_1_252' title='bbox 1249 1711 1391 1752; x_wconf 87' lang='lat' dir='ltr'>tollant</span> <span class='ocrx_word' id='word_1_253' title='bbox 1407 1741 1417 1755; x_wconf 94' lang='lat'>,</span> <span class='ocrx_word' id='word_1_254' title='bbox 1448 1725 1493 1753; x_wconf 86' lang='lat' dir='ltr'>ut</span> <span class='ocrx_word' id='word_1_255' title='bbox 1520 1716 1593 1754; x_wconf 88' lang='lat' dir='ltr'>mi-</span> 
     </span>
     <span class='ocr_line' id='line_1_28' title="bbox 128 1767 1591 1824; baseline 0.003 -17"><span class='ocrx_word' id='word_1_256' title='bbox 128 1783 195 1809; x_wconf 88' lang='lat' dir='ltr'>nus</span> <span class='ocrx_word' id='word_1_257' title='bbox 218 1771 343 1824; x_wconf 85' lang='lat' dir='ltr'>gravis</span> <span class='ocrx_word' id='word_1_258' title='bbox 360 1767 429 1808; x_wconf 81' lang='lat' dir='ltr'>fiat</span> <span class='ocrx_word' id='word_1_259' title='bbox 445 1800 454 1812; x_wconf 89' lang='lat'>‚</span> <span class='ocrx_word' id='word_1_260' title='bbox 485 1770 526 1809; x_wconf 79' lang='grc' dir='ltr'>ὅ(</span> <span class='ocrx_word' id='word_1_261' title='bbox 554 1768 829 1824; x_wconf 74' lang='lat' dir='ltr'>aequilibrium</span> <span class='ocrx_word' id='word_1_262' title='bbox 847 1771 953 1824; x_wconf 84' lang='lat' dir='ltr'>apud</span> <span class='ocrx_word' id='word_1_263' title='bbox 971 1784 1040 1810; x_wconf 88' lang='lat' dir='ltr'>nos</span> <span class='ocrx_word' id='word_1_264' title='bbox 1059 1769 1226 1810; x_wconf 86' lang='lat' dir='ltr'>tollatur</span> <span class='ocrx_word' id='word_1_265' title='bbox 1243 1797 1254 1812; x_wconf 90' lang='lat'>‚</span> <span class='ocrx_word' id='word_1_266' title='bbox 1288 1783 1408 1824; x_wconf 82' lang='lat' dir='ltr'>quare</span> <span class='ocrx_word' id='word_1_267' title='bbox 1424 1774 1591 1824; x_wconf 83' lang='lat' dir='ltr'>majores</span> 
     </span>
     <span class='ocr_line' id='line_1_29' title="bbox 125 1825 1592 1872; baseline 0.003 -8"><span class='ocrx_word' id='word_1_268' title='bbox 125 1827 249 1865; x_wconf 88' lang='lat' dir='ltr'>Venti</span> <span class='ocrx_word' id='word_1_269' title='bbox 285 1839 332 1865; x_wconf 85' lang='lat' dir='ltr'>ex</span> <span class='ocrx_word' id='word_1_270' title='bbox 362 1825 464 1865; x_wconf 88' lang='lat' dir='ltr'>Polis</span> <span class='ocrx_word' id='word_1_271' title='bbox 487 1826 536 1866; x_wconf 86' lang='lat' dir='ltr'>ad</span> <span class='ocrx_word' id='word_1_272' title='bbox 566 1839 634 1865; x_wconf 87' lang='lat' dir='ltr'>nos</span> <span class='ocrx_word' id='word_1_273' title='bbox 663 1826 786 1866; x_wconf 89' lang='lat' dir='ltr'>veluti</span> <span class='ocrx_word' id='word_1_274' title='bbox 816 1825 1018 1867; x_wconf 77' lang='lat' dir='ltr'>confluant</span> <span class='ocrx_word' id='word_1_275' title='bbox 1047 1829 1091 1867; x_wconf 84' lang='lat'>&amp;</span> <span class='ocrx_word' id='word_1_276' title='bbox 1124 1829 1276 1867; x_wconf 87' lang='lat' dir='ltr'>irruant</span> <span class='ocrx_word' id='word_1_277' title='bbox 1302 1856 1314 1872; x_wconf 89' lang='lat'>‚</span> <span class='ocrx_word' id='word_1_278' title='bbox 1346 1827 1386 1866; x_wconf 86' lang='lat' dir='ltr'>id</span> <span class='ocrx_word' id='word_1_279' title='bbox 1421 1829 1592 1868; x_wconf 82' lang='lat' dir='ltr'>viderint</span> 
     </span>
     <span class='ocr_line' id='line_1_30' title="bbox 130 1880 1593 1937; baseline 0.003 -16"><span class='ocrx_word' id='word_1_280' title='bbox 130 1883 326 1923; x_wconf 86' lang='lat' dir='ltr'>Newtoni</span> <span class='ocrx_word' id='word_1_281' title='bbox 348 1881 561 1936; x_wconf 85' lang='lat' dir='ltr'>Discipuli.</span> <span class='ocrx_word' id='word_1_282' title='bbox 590 1880 779 1922; x_wconf 87' lang='lat' dir='ltr'>Nostrum</span> <span class='ocrx_word' id='word_1_283' title='bbox 809 1883 896 1923; x_wconf 90' lang='lat' dir='ltr'>heic</span> <span class='ocrx_word' id='word_1_284' title='bbox 930 1898 1009 1923; x_wconf 91' lang='lat' dir='ltr'>non</span> <span class='ocrx_word' id='word_1_285' title='bbox 1043 1882 1096 1924; x_wconf 85' lang='lat' dir='ltr'>est</span> <span class='ocrx_word' id='word_1_286' title='bbox 1120 1884 1318 1923; x_wconf 81' lang='lat' dir='ltr'>variorum</span> <span class='ocrx_word' id='word_1_287' title='bbox 1345 1882 1593 1937; x_wconf 85' lang='lat' dir='ltr'>systematum</span> 
     </span>
     <span class='ocr_line' id='line_1_31' title="bbox 131 1937 1595 1992; baseline 0.003 -14"><span class='ocrx_word' id='word_1_288' title='bbox 131 1940 380 1991; x_wconf 64' lang='lat' dir='ltr'>conjecturas</span> <span class='ocrx_word' id='word_1_289' title='bbox 399 1939 597 1992; x_wconf 84' lang='lat' dir='ltr'>explicare</span> <span class='ocrx_word' id='word_1_290' title='bbox 613 1967 623 1981; x_wconf 88' lang='lat'>,</span> <span class='ocrx_word' id='word_1_291' title='bbox 658 1938 720 1979; x_wconf 91' lang='lat' dir='ltr'>sed</span> <span class='ocrx_word' id='word_1_292' title='bbox 754 1937 999 1992; x_wconf 76' lang='lat' dir='ltr'>potissimum</span> <span class='ocrx_word' id='word_1_293' title='bbox 1023 1951 1163 1981; x_wconf 82' lang='lat' dir='ltr'>eventa</span> <span class='ocrx_word' id='word_1_294' title='bbox 1180 1941 1301 1981; x_wconf 81' lang='lat' dir='ltr'>Maris</span> <span class='ocrx_word' id='word_1_295' title='bbox 1328 1939 1447 1981; x_wconf 89' lang='lat' dir='ltr'>nostri</span> <span class='ocrx_word' id='word_1_296' title='bbox 1477 1941 1595 1983; x_wconf 85' lang='lat' dir='ltr'>reser-</span> 
     </span>
     <span class='ocr_line' id='line_1_32' title="bbox 131 1993 1594 2045; baseline 0.003 -9"><span class='ocrx_word' id='word_1_297' title='bbox 131 2011 172 2036; x_wconf 86' lang='lat' dir='ltr'>re</span> <span class='ocrx_word' id='word_1_298' title='bbox 190 2023 198 2030; x_wconf 88' lang='lat'><strong>·</strong></span> <span class='ocrx_word' id='word_1_299' title='bbox 230 1995 351 2034; x_wconf 85' lang='lat' dir='ltr'>Addo</span> <span class='ocrx_word' id='word_1_300' title='bbox 384 2005 538 2034; x_wconf 84' lang='lat' dir='ltr'>tantum</span> <span class='ocrx_word' id='word_1_301' title='bbox 569 1997 607 2034; x_wconf 91' lang='lat' dir='ltr'>in</span> <span class='ocrx_word' id='word_1_302' title='bbox 640 1993 717 2034; x_wconf 85' lang='lat' dir='ltr'>fine</span> <span class='ocrx_word' id='word_1_303' title='bbox 733 1997 775 2034; x_wconf 77' lang='grc' dir='ltr'>ὅ(</span> <span class='ocrx_word' id='word_1_304' title='bbox 792 1996 886 2036; x_wconf 88' lang='lat' dir='ltr'>alios</span> <span class='ocrx_word' id='word_1_305' title='bbox 916 1995 1127 2037; x_wconf 77' lang='lat' dir='ltr'>observasse</span> <span class='ocrx_word' id='word_1_306' title='bbox 1144 2011 1249 2036; x_wconf 85' lang='lat' dir='ltr'>mare</span> <span class='ocrx_word' id='word_1_307' title='bbox 1266 1998 1303 2036; x_wconf 88' lang='lat' dir='ltr'>in</span> <span class='ocrx_word' id='word_1_308' title='bbox 1321 1996 1492 2038; x_wconf 79' lang='lat' dir='ltr'>Refluxu</span> <span class='ocrx_word' id='word_1_309' title='bbox 1508 2030 1518 2045; x_wconf 89' lang='lat'>,</span> <span class='ocrx_word' id='word_1_310' title='bbox 1549 2000 1594 2040; x_wconf 84' lang='lat'>&amp;</span> 
     </span>
     <span class='ocr_line' id='line_1_33' title="bbox 136 2051 1593 2107; baseline 0.004 -16"><span class='ocrx_word' id='word_1_311' title='bbox 136 2066 251 2092; x_wconf 85' lang='lat' dir='ltr'>mane</span> <span class='ocrx_word' id='word_1_312' title='bbox 283 2053 405 2104; x_wconf 86' lang='lat' dir='ltr'>magis</span> <span class='ocrx_word' id='word_1_313' title='bbox 438 2051 698 2106; x_wconf 86' lang='lat' dir='ltr'>tranquillum</span> <span class='ocrx_word' id='word_1_314' title='bbox 714 2051 809 2097; x_wconf 80' lang='lat' dir='ltr'>effe,</span> <span class='ocrx_word' id='word_1_315' title='bbox 827 2055 944 2107; x_wconf 69' lang='lat' dir='ltr'>quam</span> <span class='ocrx_word' id='word_1_316' title='bbox 976 2055 1080 2093; x_wconf 88' lang='lat' dir='ltr'>circa</span> <span class='ocrx_word' id='word_1_317' title='bbox 1107 2053 1314 2094; x_wconf 85' lang='lat' dir='ltr'>Meridiem</span> <span class='ocrx_word' id='word_1_318' title='bbox 1345 2055 1390 2093; x_wconf 83' lang='lat'>&amp;</span> <span class='ocrx_word' id='word_1_319' title='bbox 1420 2057 1593 2097; x_wconf 86' lang='lat' dir='ltr'>mediam</span> 
     </span>
     <span class='ocr_line' id='line_1_34' title="bbox 135 2107 1594 2167; baseline 0.004 -19"><span class='ocrx_word' id='word_1_320' title='bbox 135 2109 309 2148; x_wconf 69' lang='lat' dir='ltr'>Noc‘tem</span> <span class='ocrx_word' id='word_1_321' title='bbox 327 2139 338 2153; x_wconf 88' lang='lat'><em>,</em></span> <span class='ocrx_word' id='word_1_322' title='bbox 354 2110 397 2148; x_wconf 83' lang='lat'>&amp;</span> <span class='ocrx_word' id='word_1_323' title='bbox 418 2107 645 2149; x_wconf 86' lang='lat' dir='ltr'>Aristoteles</span> <span class='ocrx_word' id='word_1_324' title='bbox 663 2120 863 2162; x_wconf 83' lang='lat' dir='ltr'>praeterea</span> <span class='ocrx_word' id='word_1_325' title='bbox 880 2138 890 2152; x_wconf 90' lang='lat'>‚</span> <span class='ocrx_word' id='word_1_326' title='bbox 921 2108 1010 2150; x_wconf 88' lang='lat' dir='ltr'>teste</span> <span class='ocrx_word' id='word_1_327' title='bbox 1029 2110 1154 2151; x_wconf 84' lang='lat' dir='ltr'>Plinio</span> <span class='ocrx_word' id='word_1_328' title='bbox 1171 2115 1227 2158; x_wconf 84' lang='lat' dir='ltr'>(a)</span> <span class='ocrx_word' id='word_1_329' title='bbox 1247 2142 1256 2154; x_wconf 94' lang='lat'>‚</span> <span class='ocrx_word' id='word_1_330' title='bbox 1274 2113 1486 2151; x_wconf 82' lang='lat' dir='ltr'>memoriae</span> <span class='ocrx_word' id='word_1_331' title='bbox 1503 2128 1594 2167; x_wconf 88' lang='lat' dir='ltr'>pro-</span> 
     </span>
     <span class='ocr_line' id='line_1_35' title="bbox 135 2164 1594 2222; baseline 0.001 -18"><span class='ocrx_word' id='word_1_332' title='bbox 135 2164 235 2205; x_wconf 89' lang='lat' dir='ltr'>didit</span> <span class='ocrx_word' id='word_1_333' title='bbox 252 2165 403 2205; x_wconf 88' lang='lat' dir='ltr'>nullum</span> <span class='ocrx_word' id='word_1_334' title='bbox 423 2166 581 2206; x_wconf 88' lang='lat' dir='ltr'>Animal</span> <span class='ocrx_word' id='word_1_335' title='bbox 599 2164 666 2206; x_wconf 85' lang='lat' dir='ltr'>nifi</span> <span class='ocrx_word' id='word_1_336' title='bbox 685 2165 802 2207; x_wconf 84' lang='lat' dir='ltr'>Aestu</span> <span class='ocrx_word' id='word_1_337' title='bbox 826 2167 1032 2207; x_wconf 85' lang='lat' dir='ltr'>recedente</span> <span class='ocrx_word' id='word_1_338' title='bbox 1060 2166 1257 2222; x_wconf 84' lang='lat' dir='ltr'>exspirare</span> <span class='ocrx_word' id='word_1_339' title='bbox 1276 2197 1285 2211; x_wconf 95' lang='lat'><strong><em>,</em></strong></span> <span class='ocrx_word' id='word_1_340' title='bbox 1314 2168 1421 2221; x_wconf 91' lang='lat' dir='ltr'>quod</span> <span class='ocrx_word' id='word_1_341' title='bbox 1457 2184 1478 2208; x_wconf 86' lang='lat' dir='ltr'>a</span> <span class='ocrx_word' id='word_1_342' title='bbox 1509 2171 1594 2212; x_wconf 90' lang='lat' dir='ltr'>Me-</span> 
     </span>
     <span class='ocr_line' id='line_1_36' title="bbox 138 2220 1595 2277; baseline 0.005 -15"><span class='ocrx_word' id='word_1_343' title='bbox 138 2222 233 2262; x_wconf 84' lang='lat' dir='ltr'>dicis</span> <span class='ocrx_word' id='word_1_344' title='bbox 264 2220 611 2263; x_wconf 87' lang='lat' dir='ltr'>Observationibus</span> <span class='ocrx_word' id='word_1_345' title='bbox 650 2223 889 2277; x_wconf 87' lang='lat' dir='ltr'>quotidianis</span> <span class='ocrx_word' id='word_1_346' title='bbox 922 2221 1183 2264; x_wconf 79' lang='lat' dir='ltr'>confirmatur</span> <span class='ocrx_word' id='word_1_347' title='bbox 1209 2252 1220 2267; x_wconf 84' lang='lat'><em>,</em></span> <span class='ocrx_word' id='word_1_348' title='bbox 1251 2226 1389 2277; x_wconf 81' lang='lat' dir='ltr'>quibus</span> <span class='ocrx_word' id='word_1_349' title='bbox 1420 2228 1595 2269; x_wconf 88' lang='lat' dir='ltr'>videmus</span> 
     </span>
     <span class='ocr_line' id='line_1_37' title="bbox 140 2278 1599 2335; baseline 0.006 -17"><span class='ocrx_word' id='word_1_350' title='bbox 140 2280 294 2333; x_wconf 82' lang='lat' dir='ltr'>Aegros</span> <span class='ocrx_word' id='word_1_351' title='bbox 325 2279 428 2335; x_wconf 87' lang='lat' dir='ltr'>apud</span> <span class='ocrx_word' id='word_1_352' title='bbox 460 2294 530 2320; x_wconf 90' lang='lat' dir='ltr'>nos</span> <span class='ocrx_word' id='word_1_353' title='bbox 561 2278 803 2334; x_wconf 86' lang='lat' dir='ltr'>potisfimum</span> <span class='ocrx_word' id='word_1_354' title='bbox 819 2283 984 2322; x_wconf 86' lang='lat' dir='ltr'>Oriente</span> <span class='ocrx_word' id='word_1_355' title='bbox 1017 2281 1079 2322; x_wconf 91' lang='lat' dir='ltr'>vel</span> <span class='ocrx_word' id='word_1_356' title='bbox 1107 2283 1289 2322; x_wconf 89' lang='lat' dir='ltr'>Cadente</span> <span class='ocrx_word' id='word_1_357' title='bbox 1307 2283 1392 2323; x_wconf 87' lang='lat' dir='ltr'>Sole</span> <span class='ocrx_word' id='word_1_358' title='bbox 1410 2284 1571 2325; x_wconf 83' lang='lat' dir='ltr'>interire</span> <span class='ocrx_word' id='word_1_359' title='bbox 1589 2314 1599 2328; x_wconf 84' lang='lat'><strong>‚</strong></span> 
     </span>
     <span class='ocr_line' id='line_1_38' title="bbox 137 2334 1598 2391; baseline 0.006 -18"><span class='ocrx_word' id='word_1_360' title='bbox 137 2336 380 2389; x_wconf 85' lang='lat' dir='ltr'>temporibus</span> <span class='ocrx_word' id='word_1_361' title='bbox 399 2334 573 2380; x_wconf 86' lang='lat' dir='ltr'>scilicet,</span> <span class='ocrx_word' id='word_1_362' title='bbox 597 2338 735 2390; x_wconf 90' lang='lat' dir='ltr'>quibus</span> <span class='ocrx_word' id='word_1_363' title='bbox 753 2336 888 2378; x_wconf 84' lang='lat' dir='ltr'>Aestus</span> <span class='ocrx_word' id='word_1_364' title='bbox 920 2339 1091 2379; x_wconf 84' lang='lat' dir='ltr'>recedit.</span> <span class='ocrx_word' id='word_1_365' title='bbox 1125 2337 1222 2379; x_wconf 88' lang='lat' dir='ltr'>Heic</span> <span class='ocrx_word' id='word_1_366' title='bbox 1254 2341 1517 2391; x_wconf 86' lang='lat' dir='ltr'>quaerendum</span> <span class='ocrx_word' id='word_1_367' title='bbox 1546 2341 1598 2382; x_wconf 89' lang='lat' dir='ltr'>es-</span> 
     </span>
     <span class='ocr_line' id='line_1_39' title="bbox 77 2390 1593 2451; baseline 0.005 -20"><span class='ocrx_word' id='word_1_368' title='bbox 77 2418 79 2420; x_wconf 97' lang='grc'>-</span> <span class='ocrx_word' id='word_1_369' title='bbox 102 2416 104 2419; x_wconf 40' lang='lat' dir='ltr'>v</span> <span class='ocrx_word' id='word_1_370' title='bbox 137 2390 191 2432; x_wconf 89' lang='lat' dir='ltr'>set</span> <span class='ocrx_word' id='word_1_371' title='bbox 220 2406 290 2433; x_wconf 89' lang='lat' dir='ltr'>cur</span> <span class='ocrx_word' id='word_1_372' title='bbox 321 2392 399 2434; x_wconf 90' lang='lat' dir='ltr'>hoc</span> <span class='ocrx_word' id='word_1_373' title='bbox 424 2395 635 2448; x_wconf 88' lang='lat' dir='ltr'>contingat</span> <span class='ocrx_word' id='word_1_374' title='bbox 651 2423 662 2439; x_wconf 89' lang='lat'><em>,</em></span> <span class='ocrx_word' id='word_1_375' title='bbox 688 2408 810 2449; x_wconf 88' lang='lat' dir='ltr'>quum</span> <span class='ocrx_word' id='word_1_376' title='bbox 827 2395 937 2451; x_wconf 73' lang='lat' dir='ltr'>Mare</span> <span class='ocrx_word' id='word_1_377' title='bbox 967 2398 1010 2437; x_wconf 67' lang='grc' dir='ltr'>ὃς</span> <span class='ocrx_word' id='word_1_378' title='bbox 1026 2399 1106 2437; x_wconf 89' lang='lat' dir='ltr'>Aer</span> <span class='ocrx_word' id='word_1_379' title='bbox 1136 2408 1230 2436; x_wconf 90' lang='lat' dir='ltr'>tunc</span> <span class='ocrx_word' id='word_1_380' title='bbox 1258 2394 1331 2437; x_wconf 79' lang='lat' dir='ltr'>sint</span> <span class='ocrx_word' id='word_1_381' title='bbox 1348 2399 1469 2451; x_wconf 88' lang='lat' dir='ltr'>magis</span> <span class='ocrx_word' id='word_1_382' title='bbox 1488 2397 1593 2439; x_wconf 85' lang='lat' dir='ltr'>seda-</span> 
     </span>
    </p>
   </div>
   <div class='ocr_carea' id='block_1_3' title="bbox 165 2453 1591 2558">
    <p class='ocr_par' dir='ltr' id='par_1_3' title="bbox 165 2453 1591 2558">
     <span class='ocr_line' id='line_1_40' title="bbox 992 2453 1591 2495; baseline 0.007 -4"><span class='ocrx_word' id='word_1_383' title='bbox 992 2453 1011 2491; x_wconf 86' lang='lat'>1</span> <span class='ocrx_word' id='word_1_384' title='bbox 1493 2468 1533 2495; x_wconf 82' lang='lat' dir='ltr'>ta</span> <span class='ocrx_word' id='word_1_385' title='bbox 1549 2456 1591 2495; x_wconf 65' lang='grc' dir='ltr'>ὃς</span> 
     </span>
     <span class='ocr_line' id='line_1_41' title="bbox 165 2520 730 2558; baseline 0.002 -6"><span class='ocrx_word' id='word_1_386' title='bbox 165 2522 205 2552; x_wconf 80' lang='lat' dir='ltr'>(a)</span> <span class='ocrx_word' id='word_1_387' title='bbox 226 2520 302 2551; x_wconf 70' lang='lat' dir='ltr'>Ps‘in.</span> <span class='ocrx_word' id='word_1_388' title='bbox 325 2522 396 2557; x_wconf 78' lang='lat' dir='ltr'>Htst.</span> <span class='ocrx_word' id='word_1_389' title='bbox 416 2522 484 2550; x_wconf 76' lang='lat' dir='ltr'>Nat.</span> <span class='ocrx_word' id='word_1_390' title='bbox 504 2523 552 2551; x_wconf 82' lang='lat' dir='ltr'>lib.</span> <span class='ocrx_word' id='word_1_391' title='bbox 569 2533 593 2551; x_wconf 67' lang='grc' dir='ltr'>π..</span> <span class='ocrx_word' id='word_1_392' title='bbox 613 2534 670 2558; x_wconf 81' lang='lat' dir='ltr'>cap.</span> <span class='ocrx_word' id='word_1_393' title='bbox 687 2528 730 2557; x_wconf 77' lang='lat'>98.</span> 
     </span>
    </p>
   </div>
  </div>
 </body>
</html>
