<?xml version="1.0" encoding="UTF-8"?>
<!DOCTYPE html PUBLIC "-//W3C//DTD XHTML 1.0 Transitional//EN"
    "http://www.w3.org/TR/xhtml1/DTD/xhtml1-transitional.dtd">
<html xmlns="http://www.w3.org/1999/xhtml" xml:lang="en" lang="en">
 <head>
  <title>
</title>
<meta http-equiv="Content-Type" content="text/html;charset=utf-8" />
  <meta name='ocr-system' content='tesseract 3.04.00' />
  <meta name='ocr-capabilities' content='ocr_page ocr_carea ocr_par ocr_line ocrx_word'/>
</head>
<body>
  <div class='ocr_page' id='page_1' title='image "./janiplanciarimin00bian_0059.png"; bbox 0 0 1814 2902; ppageno 0'>
   <div class='ocr_carea' id='block_1_1' title="bbox 594 209 1582 259">
    <p class='ocr_par' dir='ltr' id='par_1_1' title="bbox 594 209 1582 259">
     <span class='ocr_line' id='line_1_1' title="bbox 594 209 1582 259; baseline -0.005 -5"><span class='ocrx_word' id='word_1_1' title='bbox 594 209 1119 254; x_wconf 82' lang='lat' dir='ltr'>PRAEFATIO</span> <span class='ocrx_word' id='word_1_2' title='bbox 1533 221 1582 259; x_wconf 82' lang='lat'>51</span> 
     </span>
    </p>
   </div>
   <div class='ocr_carea' id='block_1_2' title="bbox 82 292 1594 2573">
    <p class='ocr_par' dir='ltr' id='par_1_2' title="bbox 134 292 1590 700">
     <span class='ocr_line' id='line_1_2' title="bbox 134 292 1586 360; baseline -0.006 -18"><span class='ocrx_word' id='word_1_3' title='bbox 134 300 358 360; x_wconf 82' lang='lat' dir='ltr'>gnoscendo</span> <span class='ocrx_word' id='word_1_4' title='bbox 375 298 603 342; x_wconf 86' lang='lat' dir='ltr'>Aristoteles</span> <span class='ocrx_word' id='word_1_5' title='bbox 620 297 696 355; x_wconf 84' lang='lat' dir='ltr'>ipse</span> <span class='ocrx_word' id='word_1_6' title='bbox 713 329 722 344; x_wconf 96' lang='lat'><strong>‚</strong></span> <span class='ocrx_word' id='word_1_7' title='bbox 753 307 798 338; x_wconf 86' lang='lat' dir='ltr'>ut</span> <span class='ocrx_word' id='word_1_8' title='bbox 814 296 944 339; x_wconf 86' lang='lat' dir='ltr'>ferunt</span> <span class='ocrx_word' id='word_1_9' title='bbox 959 327 970 343; x_wconf 94' lang='lat'>‚</span> <span class='ocrx_word' id='word_1_10' title='bbox 997 294 1237 337; x_wconf 87' lang='lat' dir='ltr'>occumbere</span> <span class='ocrx_word' id='word_1_11' title='bbox 1267 306 1349 336; x_wconf 88' lang='lat' dir='ltr'>non</span> <span class='ocrx_word' id='word_1_12' title='bbox 1364 292 1586 338; x_wconf 83' lang='lat' dir='ltr'>dubitarit;</span> 
     </span>
     <span class='ocr_line' id='line_1_3' title="bbox 136 349 1587 415; baseline -0.008 -14"><span class='ocrx_word' id='word_1_13' title='bbox 136 374 219 401; x_wconf 91' lang='lat' dir='ltr'>non</span> <span class='ocrx_word' id='word_1_14' title='bbox 243 359 352 415; x_wconf 88' lang='lat' dir='ltr'>quod</span> <span class='ocrx_word' id='word_1_15' title='bbox 366 356 491 414; x_wconf 82' lang='lat' dir='ltr'>reipsa</span> <span class='ocrx_word' id='word_1_16' title='bbox 506 355 619 398; x_wconf 87' lang='lat' dir='ltr'>stulte</span> <span class='ocrx_word' id='word_1_17' title='bbox 636 359 675 397; x_wconf 92' lang='lat' dir='ltr'>in</span> <span class='ocrx_word' id='word_1_18' title='bbox 691 356 879 408; x_wconf 84' lang='lat' dir='ltr'>Euripum</span> <span class='ocrx_word' id='word_1_19' title='bbox 905 351 941 394; x_wconf 86' lang='lat' dir='ltr'>se</span> <span class='ocrx_word' id='word_1_20' title='bbox 958 353 994 393; x_wconf 89' lang='lat' dir='ltr'>se</span> <span class='ocrx_word' id='word_1_21' title='bbox 1021 353 1348 408; x_wconf 80' lang='lat' dir='ltr'>praecipitaverit</span> <span class='ocrx_word' id='word_1_22' title='bbox 1364 380 1375 395; x_wconf 90' lang='lat'>‚</span> <span class='ocrx_word' id='word_1_23' title='bbox 1405 363 1450 391; x_wconf 86' lang='lat' dir='ltr'>ut</span> <span class='ocrx_word' id='word_1_24' title='bbox 1464 349 1587 405; x_wconf 86' lang='lat' dir='ltr'>aliqui</span> 
     </span>
     <span class='ocr_line' id='line_1_4' title="bbox 136 407 1586 471; baseline -0.007 -13"><span class='ocrx_word' id='word_1_25' title='bbox 136 415 372 471; x_wconf 83' lang='lat' dir='ltr'>scripserunt</span> <span class='ocrx_word' id='word_1_26' title='bbox 388 447 400 461; x_wconf 94' lang='lat'>‚</span> <span class='ocrx_word' id='word_1_27' title='bbox 430 414 493 456; x_wconf 90' lang='lat' dir='ltr'>sed</span> <span class='ocrx_word' id='word_1_28' title='bbox 511 413 620 468; x_wconf 83' lang='lat' dir='ltr'>quod</span> <span class='ocrx_word' id='word_1_29' title='bbox 648 410 808 457; x_wconf 83' lang='lat' dir='ltr'>fortaffe</span> <span class='ocrx_word' id='word_1_30' title='bbox 839 410 910 450; x_wconf 84' lang='lat' dir='ltr'>tali</span> <span class='ocrx_word' id='word_1_31' title='bbox 926 423 968 450; x_wconf 91' lang='lat' dir='ltr'>re</span> <span class='ocrx_word' id='word_1_32' title='bbox 991 419 1156 451; x_wconf 83' lang='lat' dir='ltr'>vexatus</span> <span class='ocrx_word' id='word_1_33' title='bbox 1174 436 1184 451; x_wconf 84' lang='lat'><em>‚</em></span> <span class='ocrx_word' id='word_1_34' title='bbox 1217 408 1339 465; x_wconf 86' lang='lat' dir='ltr'>longo</span> <span class='ocrx_word' id='word_1_35' title='bbox 1362 407 1491 450; x_wconf 80' lang='lat' dir='ltr'>studio</span> <span class='ocrx_word' id='word_1_36' title='bbox 1507 437 1518 454; x_wconf 87' lang='lat'><em>,</em></span> <span class='ocrx_word' id='word_1_37' title='bbox 1542 408 1586 448; x_wconf 72' lang='grc' dir='ltr'>ὅ(</span> 
     </span>
     <span class='ocr_line' id='line_1_5' title="bbox 136 464 1590 528; baseline -0.011 -13"><span class='ocrx_word' id='word_1_38' title='bbox 136 474 280 528; x_wconf 86' lang='lat' dir='ltr'>vigiliis</span> <span class='ocrx_word' id='word_1_39' title='bbox 303 471 485 513; x_wconf 87' lang='lat' dir='ltr'>distentus</span> <span class='ocrx_word' id='word_1_40' title='bbox 502 469 739 527; x_wconf 82' lang='lat' dir='ltr'>‚profunda</span> <span class='ocrx_word' id='word_1_41' title='bbox 767 466 891 510; x_wconf 79' lang='lat' dir='ltr'>veluti</span> <span class='ocrx_word' id='word_1_42' title='bbox 922 465 1176 508; x_wconf 80' lang='lat' dir='ltr'>meditatione</span> <span class='ocrx_word' id='word_1_43' title='bbox 1205 464 1401 508; x_wconf 84' lang='lat' dir='ltr'>immersus</span> <span class='ocrx_word' id='word_1_44' title='bbox 1419 495 1429 509; x_wconf 94' lang='lat'>,</span> <span class='ocrx_word' id='word_1_45' title='bbox 1458 479 1499 508; x_wconf 81' lang='lat' dir='ltr'>re</span> <span class='ocrx_word' id='word_1_46' title='bbox 1529 466 1590 505; x_wconf 83' lang='lat' dir='ltr'>in-</span> 
     </span>
     <span class='ocr_line' id='line_1_6' title="bbox 140 520 1589 577; baseline -0.008 -5"><span class='ocrx_word' id='word_1_47' title='bbox 140 530 245 572; x_wconf 75' lang='lat' dir='ltr'>fetsta</span> <span class='ocrx_word' id='word_1_48' title='bbox 278 529 437 570; x_wconf 89' lang='lat' dir='ltr'>tandem</span> <span class='ocrx_word' id='word_1_49' title='bbox 468 529 605 570; x_wconf 81' lang='lat' dir='ltr'>anxius</span> <span class='ocrx_word' id='word_1_50' title='bbox 633 527 778 572; x_wconf 85' lang='lat' dir='ltr'>obierit</span> <span class='ocrx_word' id='word_1_51' title='bbox 807 555 814 564; x_wconf 91' lang='lat'>.</span> <span class='ocrx_word' id='word_1_52' title='bbox 855 524 1146 567; x_wconf 85' lang='lat' dir='ltr'>Recentiorum</span> <span class='ocrx_word' id='word_1_53' title='bbox 1177 523 1298 577; x_wconf 86' lang='lat' dir='ltr'>igitur</span> <span class='ocrx_word' id='word_1_54' title='bbox 1327 520 1589 576; x_wconf 87' lang='lat' dir='ltr'>philosopho-</span> 
     </span>
     <span class='ocr_line' id='line_1_7' title="bbox 138 577 1588 640; baseline -0.006 -12"><span class='ocrx_word' id='word_1_55' title='bbox 138 601 227 628; x_wconf 85' lang='lat' dir='ltr'>rum</span> <span class='ocrx_word' id='word_1_56' title='bbox 253 601 276 627; x_wconf 92' lang='lat' dir='ltr'>e</span> <span class='ocrx_word' id='word_1_57' title='bbox 297 602 339 629; x_wconf 90' lang='lat' dir='ltr'>re</span> <span class='ocrx_word' id='word_1_58' title='bbox 367 586 422 631; x_wconf 84' lang='lat' dir='ltr'>est</span> <span class='ocrx_word' id='word_1_59' title='bbox 451 585 550 627; x_wconf 87' lang='lat' dir='ltr'>illud</span> <span class='ocrx_word' id='word_1_60' title='bbox 582 580 797 640; x_wconf 85' lang='lat' dir='ltr'>perficere,</span> <span class='ocrx_word' id='word_1_61' title='bbox 816 589 895 639; x_wconf 27' lang='lat' dir='ltr'>&#39;aut</span> <span class='ocrx_word' id='word_1_62' title='bbox 910 578 1048 624; x_wconf 87' lang='lat' dir='ltr'>saltem</span> <span class='ocrx_word' id='word_1_63' title='bbox 1077 580 1274 636; x_wconf 82' lang='lat' dir='ltr'>experiri,</span> <span class='ocrx_word' id='word_1_64' title='bbox 1305 577 1416 635; x_wconf 88' lang='lat' dir='ltr'>quod</span> <span class='ocrx_word' id='word_1_65' title='bbox 1430 592 1479 619; x_wconf 87' lang='lat' dir='ltr'>ne</span> <span class='ocrx_word' id='word_1_66' title='bbox 1497 579 1588 620; x_wconf 85' lang='lat' dir='ltr'>Ari-</span> 
     </span>
     <span class='ocr_line' id='line_1_8' title="bbox 136 638 942 700; baseline -0.006 -15"><span class='ocrx_word' id='word_1_67' title='bbox 136 643 295 686; x_wconf 88' lang='lat' dir='ltr'>stoteles</span> <span class='ocrx_word' id='word_1_68' title='bbox 325 643 484 700; x_wconf 90' lang='lat' dir='ltr'>quidem</span> <span class='ocrx_word' id='word_1_69' title='bbox 513 641 622 687; x_wconf 78' lang='lat' dir='ltr'>ausus</span> <span class='ocrx_word' id='word_1_70' title='bbox 651 641 709 683; x_wconf 53' lang='lat' dir='ltr'>estv</span> <span class='ocrx_word' id='word_1_71' title='bbox 731 638 916 684; x_wconf 88' lang='lat' dir='ltr'>inchoare</span> <span class='ocrx_word' id='word_1_72' title='bbox 933 671 942 680; x_wconf 80' lang='lat'><strong>.</strong></span> 
     </span>
    </p>

    <p class='ocr_par' dir='ltr' id='par_1_3' title="bbox 133 691 1594 1667">
     <span class='ocr_line' id='line_1_9' title="bbox 195 691 1581 755; baseline -0.006 -12"><span class='ocrx_word' id='word_1_73' title='bbox 195 702 269 742; x_wconf 86' lang='lat' dir='ltr'>Sed</span> <span class='ocrx_word' id='word_1_74' title='bbox 284 713 496 755; x_wconf 84' lang='lat' dir='ltr'>antequam</span> <span class='ocrx_word' id='word_1_75' title='bbox 511 713 614 741; x_wconf 84' lang='lat' dir='ltr'>meas</span> <span class='ocrx_word' id='word_1_76' title='bbox 630 695 919 755; x_wconf 79' lang='lat' dir='ltr'>propositiones</span> <span class='ocrx_word' id='word_1_77' title='bbox 941 708 1103 750; x_wconf 85' lang='lat' dir='ltr'>expono</span> <span class='ocrx_word' id='word_1_78' title='bbox 1119 724 1130 740; x_wconf 92' lang='lat'>,</span> <span class='ocrx_word' id='word_1_79' title='bbox 1158 694 1291 750; x_wconf 91' lang='lat' dir='ltr'>aliqua</span> <span class='ocrx_word' id='word_1_80' title='bbox 1308 693 1396 734; x_wconf 86' lang='lat' dir='ltr'>heic</span> <span class='ocrx_word' id='word_1_81' title='bbox 1418 691 1505 734; x_wconf 89' lang='lat' dir='ltr'>sunt</span> <span class='ocrx_word' id='word_1_82' title='bbox 1520 708 1581 750; x_wconf 80' lang='lat' dir='ltr'>ge·</span> 
     </span>
     <span class='ocr_line' id='line_1_10' title="bbox 137 750 1592 810; baseline -0.005 -9"><span class='ocrx_word' id='word_1_83' title='bbox 137 760 305 801; x_wconf 84' lang='lat' dir='ltr'>neratim</span> <span class='ocrx_word' id='word_1_84' title='bbox 320 757 497 803; x_wconf 86' lang='lat' dir='ltr'>notanda</span> <span class='ocrx_word' id='word_1_85' title='bbox 515 788 523 797; x_wconf 91' lang='lat'><strong>.</strong></span> <span class='ocrx_word' id='word_1_86' title='bbox 554 758 689 797; x_wconf 88' lang='lat' dir='ltr'>Primo</span> <span class='ocrx_word' id='word_1_87' title='bbox 714 756 835 810; x_wconf 89' lang='lat' dir='ltr'>igitur</span> <span class='ocrx_word' id='word_1_88' title='bbox 853 755 1079 794; x_wconf 87' lang='lat' dir='ltr'>notabimus</span> <span class='ocrx_word' id='word_1_89' title='bbox 1107 766 1214 793; x_wconf 88' lang='lat' dir='ltr'>mare</span> <span class='ocrx_word' id='word_1_90' title='bbox 1231 750 1406 792; x_wconf 90' lang='lat' dir='ltr'>nostrum</span> <span class='ocrx_word' id='word_1_91' title='bbox 1421 752 1592 795; x_wconf 87' lang='lat' dir='ltr'>Hadria-</span> 
     </span>
     <span class='ocr_line' id='line_1_11' title="bbox 138 805 1589 869; baseline -0.006 -13"><span class='ocrx_word' id='word_1_92' title='bbox 138 813 265 857; x_wconf 85' lang='lat' dir='ltr'>ticum</span> <span class='ocrx_word' id='word_1_93' title='bbox 280 814 433 869; x_wconf 88' lang='lat' dir='ltr'>duplici</span> <span class='ocrx_word' id='word_1_94' title='bbox 449 813 571 858; x_wconf 88' lang='lat' dir='ltr'>modo</span> <span class='ocrx_word' id='word_1_95' title='bbox 584 812 657 855; x_wconf 82' lang='lat' dir='ltr'>effe</span> <span class='ocrx_word' id='word_1_96' title='bbox 671 810 996 859; x_wconf 78' lang='lat' dir='ltr'>considerandum</span> <span class='ocrx_word' id='word_1_97' title='bbox 1016 838 1025 846; x_wconf 86' lang='lat'><strong>·</strong></span> <span class='ocrx_word' id='word_1_98' title='bbox 1051 811 1159 852; x_wconf 85' lang='lat' dir='ltr'>Nam</span> <span class='ocrx_word' id='word_1_99' title='bbox 1174 809 1240 851; x_wconf 84' lang='lat' dir='ltr'>vel</span> <span class='ocrx_word' id='word_1_100' title='bbox 1258 805 1589 850; x_wconf 71' lang='lat' dir='ltr'>considerabimus</span> 
     </span>
     <span class='ocr_line' id='line_1_12' title="bbox 133 864 1589 929; baseline -0.005 -16"><span class='ocrx_word' id='word_1_101' title='bbox 133 885 179 916; x_wconf 83' lang='lat' dir='ltr'>ut</span> <span class='ocrx_word' id='word_1_102' title='bbox 193 886 299 918; x_wconf 88' lang='lat' dir='ltr'>mare</span> <span class='ocrx_word' id='word_1_103' title='bbox 316 871 480 929; x_wconf 77' lang='lat' dir='ltr'>proprie</span> <span class='ocrx_word' id='word_1_104' title='bbox 503 873 657 916; x_wconf 70' lang='lat' dir='ltr'>dictum</span> <span class='ocrx_word' id='word_1_105' title='bbox 673 899 685 918; x_wconf 88' lang='lat'><em>,</em></span> <span class='ocrx_word' id='word_1_106' title='bbox 715 869 778 912; x_wconf 86' lang='lat' dir='ltr'>vel</span> <span class='ocrx_word' id='word_1_107' title='bbox 805 866 933 924; x_wconf 88' lang='lat' dir='ltr'>ipsum</span> <span class='ocrx_word' id='word_1_108' title='bbox 965 880 1010 909; x_wconf 89' lang='lat' dir='ltr'>ut</span> <span class='ocrx_word' id='word_1_109' title='bbox 1027 880 1216 923; x_wconf 85' lang='lat' dir='ltr'>magnum</span> <span class='ocrx_word' id='word_1_110' title='bbox 1232 865 1396 921; x_wconf 88' lang='lat' dir='ltr'>aliquod</span> <span class='ocrx_word' id='word_1_111' title='bbox 1413 864 1589 911; x_wconf 80' lang='lat' dir='ltr'>Flumen,</span> 
     </span>
     <span class='ocr_line' id='line_1_13' title="bbox 134 923 1588 984; baseline -0.007 -11"><span class='ocrx_word' id='word_1_112' title='bbox 134 928 197 973; x_wconf 86' lang='lat' dir='ltr'>seu</span> <span class='ocrx_word' id='word_1_113' title='bbox 211 940 255 970; x_wconf 91' lang='lat' dir='ltr'>ut</span> <span class='ocrx_word' id='word_1_114' title='bbox 274 929 479 971; x_wconf 65' lang='lat' dir='ltr'>fluentum</span> <span class='ocrx_word' id='word_1_115' title='bbox 494 928 858 984; x_wconf 85' lang='lat' dir='ltr'>contemplabimur</span> <span class='ocrx_word' id='word_1_116' title='bbox 876 955 883 962; x_wconf 88' lang='lat'><em>-</em></span> <span class='ocrx_word' id='word_1_117' title='bbox 913 927 1050 971; x_wconf 67' lang='lat' dir='ltr'>,Primo</span> <span class='ocrx_word' id='word_1_118' title='bbox 1069 923 1191 966; x_wconf 91' lang='lat' dir='ltr'>modo</span> <span class='ocrx_word' id='word_1_119' title='bbox 1208 935 1379 979; x_wconf 90' lang='lat' dir='ltr'>accepto</span> <span class='ocrx_word' id='word_1_120' title='bbox 1397 923 1588 964; x_wconf 88' lang='lat' dir='ltr'>convenit</span> 
     </span>
     <span class='ocr_line' id='line_1_14' title="bbox 134 979 1591 1039; baseline -0.005 -12"><span class='ocrx_word' id='word_1_121' title='bbox 134 990 171 1030; x_wconf 85' lang='lat' dir='ltr'>ei</span> <span class='ocrx_word' id='word_1_122' title='bbox 199 986 318 1028; x_wconf 83' lang='lat' dir='ltr'>aestus</span> <span class='ocrx_word' id='word_1_123' title='bbox 350 987 480 1027; x_wconf 87' lang='lat' dir='ltr'>varius</span> <span class='ocrx_word' id='word_1_124' title='bbox 496 1017 506 1032; x_wconf 93' lang='lat'>,</span> <span class='ocrx_word' id='word_1_125' title='bbox 538 985 705 1029; x_wconf 81' lang='lat' dir='ltr'>acceffus</span> <span class='ocrx_word' id='word_1_126' title='bbox 734 997 878 1039; x_wconf 85' lang='lat' dir='ltr'>nempe</span> <span class='ocrx_word' id='word_1_127' title='bbox 904 981 948 1023; x_wconf 73' lang='grc' dir='ltr'>ἃ</span> <span class='ocrx_word' id='word_1_128' title='bbox 964 981 1125 1028; x_wconf 80' lang='lat' dir='ltr'>receffus</span> <span class='ocrx_word' id='word_1_129' title='bbox 1156 984 1324 1035; x_wconf 82' lang='lat' dir='ltr'>majores</span> <span class='ocrx_word' id='word_1_130' title='bbox 1341 994 1445 1022; x_wconf 89' lang='lat' dir='ltr'>nova</span> <span class='ocrx_word' id='word_1_131' title='bbox 1461 979 1591 1035; x_wconf 77' lang='lat' dir='ltr'>plena-</span> 
     </span>
     <span class='ocr_line' id='line_1_15' title="bbox 135 1039 1590 1099; baseline -0.005 -14"><span class='ocrx_word' id='word_1_132' title='bbox 135 1058 211 1099; x_wconf 91' lang='lat' dir='ltr'>que</span> <span class='ocrx_word' id='word_1_133' title='bbox 228 1046 337 1085; x_wconf 83' lang='lat' dir='ltr'>Luna</span> <span class='ocrx_word' id='word_1_134' title='bbox 356 1072 365 1086; x_wconf 95' lang='lat'>‚</span> <span class='ocrx_word' id='word_1_135' title='bbox 401 1047 444 1085; x_wconf 88' lang='lat'>&amp;</span> <span class='ocrx_word' id='word_1_136' title='bbox 460 1045 631 1085; x_wconf 90' lang='lat' dir='ltr'>minores</span> <span class='ocrx_word' id='word_1_137' title='bbox 662 1043 703 1082; x_wconf 92' lang='lat' dir='ltr'>in</span> <span class='ocrx_word' id='word_1_138' title='bbox 731 1043 981 1097; x_wconf 80' lang='lat' dir='ltr'>quadraturis</span> <span class='ocrx_word' id='word_1_139' title='bbox 997 1072 1007 1087; x_wconf 93' lang='lat'>‚</span> <span class='ocrx_word' id='word_1_140' title='bbox 1040 1042 1083 1088; x_wconf 70' lang='grc' dir='ltr'>ὅ(</span> <span class='ocrx_word' id='word_1_141' title='bbox 1098 1040 1174 1080; x_wconf 84' lang='lat' dir='ltr'>alia</span> <span class='ocrx_word' id='word_1_142' title='bbox 1203 1039 1244 1080; x_wconf 92' lang='lat' dir='ltr'>id</span> <span class='ocrx_word' id='word_1_143' title='bbox 1263 1052 1407 1093; x_wconf 89' lang='lat' dir='ltr'>genus.</span> <span class='ocrx_word' id='word_1_144' title='bbox 1440 1039 1477 1077; x_wconf 87' lang='lat' dir='ltr'>Si</span> <span class='ocrx_word' id='word_1_145' title='bbox 1494 1051 1590 1078; x_wconf 83' lang='lat' dir='ltr'>vero</span> 
     </span>
     <span class='ocr_line' id='line_1_16' title="bbox 135 1093 1590 1155; baseline -0.005 -14"><span class='ocrx_word' id='word_1_146' title='bbox 135 1099 264 1155; x_wconf 90' lang='lat' dir='ltr'>ipsum</span> <span class='ocrx_word' id='word_1_147' title='bbox 293 1111 341 1143; x_wconf 86' lang='lat' dir='ltr'>ut</span> <span class='ocrx_word' id='word_1_148' title='bbox 372 1099 564 1141; x_wconf 86' lang='lat' dir='ltr'>fluentum</span> <span class='ocrx_word' id='word_1_149' title='bbox 592 1098 907 1146; x_wconf 82' lang='lat' dir='ltr'>confideremus,</span> <span class='ocrx_word' id='word_1_150' title='bbox 939 1110 1071 1142; x_wconf 87' lang='lat' dir='ltr'>motus</span> <span class='ocrx_word' id='word_1_151' title='bbox 1095 1100 1203 1150; x_wconf 83' lang='lat' dir='ltr'>ejus,</span> <span class='ocrx_word' id='word_1_152' title='bbox 1236 1096 1298 1139; x_wconf 87' lang='lat' dir='ltr'>seu</span> <span class='ocrx_word' id='word_1_153' title='bbox 1328 1093 1590 1136; x_wconf 86' lang='lat' dir='ltr'>discurrentes</span> 
     </span>
     <span class='ocr_line' id='line_1_17' title="bbox 133 1151 1591 1212; baseline -0.003 -15"><span class='ocrx_word' id='word_1_154' title='bbox 133 1160 216 1211; x_wconf 87' lang='lat' dir='ltr'>ejus</span> <span class='ocrx_word' id='word_1_155' title='bbox 249 1171 371 1212; x_wconf 89' lang='lat' dir='ltr'>aquae</span> <span class='ocrx_word' id='word_1_156' title='bbox 409 1156 526 1197; x_wconf 88' lang='lat' dir='ltr'>instar</span> <span class='ocrx_word' id='word_1_157' title='bbox 556 1155 725 1200; x_wconf 82' lang='lat' dir='ltr'>fluminis</span> <span class='ocrx_word' id='word_1_158' title='bbox 766 1157 930 1208; x_wconf 88' lang='lat' dir='ltr'>alicujus</span> <span class='ocrx_word' id='word_1_159' title='bbox 962 1165 1077 1196; x_wconf 90' lang='lat' dir='ltr'>erunt</span> <span class='ocrx_word' id='word_1_160' title='bbox 1108 1151 1412 1197; x_wconf 86' lang='lat' dir='ltr'>confiderandae</span> <span class='ocrx_word' id='word_1_161' title='bbox 1440 1182 1448 1189; x_wconf 88' lang='lat'><strong>.</strong></span> <span class='ocrx_word' id='word_1_162' title='bbox 1539 1165 1591 1192; x_wconf 89' lang='lat' dir='ltr'>uo</span> 
     </span>
     <span class='ocr_line' id='line_1_18' title="bbox 136 1209 1591 1269; baseline -0.004 -15"><span class='ocrx_word' id='word_1_163' title='bbox 136 1211 244 1254; x_wconf 87' lang='lat' dir='ltr'>sensu</span> <span class='ocrx_word' id='word_1_164' title='bbox 268 1212 304 1254; x_wconf 83' lang='lat' dir='ltr'>ei</span> <span class='ocrx_word' id='word_1_165' title='bbox 326 1223 564 1269; x_wconf 85' lang='lat' dir='ltr'>competunt</span> <span class='ocrx_word' id='word_1_166' title='bbox 597 1213 816 1253; x_wconf 90' lang='lat' dir='ltr'>alluviones</span> <span class='ocrx_word' id='word_1_167' title='bbox 845 1212 975 1253; x_wconf 88' lang='lat' dir='ltr'>variae</span> <span class='ocrx_word' id='word_1_168' title='bbox 993 1239 1003 1254; x_wconf 86' lang='lat'>‚</span> <span class='ocrx_word' id='word_1_169' title='bbox 1034 1210 1137 1252; x_wconf 85' lang='lat' dir='ltr'>alvei</span> <span class='ocrx_word' id='word_1_170' title='bbox 1166 1209 1408 1250; x_wconf 86' lang='lat' dir='ltr'>elevationes</span> <span class='ocrx_word' id='word_1_171' title='bbox 1425 1238 1436 1253; x_wconf 90' lang='lat'><em>,</em></span> <span class='ocrx_word' id='word_1_172' title='bbox 1462 1219 1591 1249; x_wconf 80' lang='lat' dir='ltr'>muta-</span> 
     </span>
     <span class='ocr_line' id='line_1_19' title="bbox 135 1266 1594 1324; baseline -0.005 -12"><span class='ocrx_word' id='word_1_173' title='bbox 135 1269 336 1324; x_wconf 82' lang='lat' dir='ltr'>tionesque</span> <span class='ocrx_word' id='word_1_174' title='bbox 354 1298 364 1313; x_wconf 88' lang='lat'>,</span> <span class='ocrx_word' id='word_1_175' title='bbox 379 1271 422 1310; x_wconf 86' lang='lat'>&amp;</span> <span class='ocrx_word' id='word_1_176' title='bbox 438 1269 512 1310; x_wconf 86' lang='lat' dir='ltr'>alia</span> <span class='ocrx_word' id='word_1_177' title='bbox 528 1268 764 1322; x_wconf 88' lang='lat' dir='ltr'>hujusmodi,</span> <span class='ocrx_word' id='word_1_178' title='bbox 781 1281 827 1309; x_wconf 87' lang='lat' dir='ltr'>ut</span> <span class='ocrx_word' id='word_1_179' title='bbox 842 1271 882 1309; x_wconf 91' lang='lat' dir='ltr'>in</span> <span class='ocrx_word' id='word_1_180' title='bbox 899 1267 1127 1311; x_wconf 87' lang='lat' dir='ltr'>fluminibus</span> <span class='ocrx_word' id='word_1_181' title='bbox 1143 1267 1327 1308; x_wconf 89' lang='lat' dir='ltr'>omnibus</span> <span class='ocrx_word' id='word_1_182' title='bbox 1346 1297 1354 1305; x_wconf 87' lang='lat'><strong>.</strong></span> <span class='ocrx_word' id='word_1_183' title='bbox 1379 1266 1466 1306; x_wconf 89' lang='lat' dir='ltr'>Nos</span> <span class='ocrx_word' id='word_1_184' title='bbox 1483 1279 1594 1321; x_wconf 84' lang='lat' dir='ltr'>prae·</span> 
     </span>
     <span class='ocr_line' id='line_1_20' title="bbox 134 1323 1590 1382; baseline -0.003 -14"><span class='ocrx_word' id='word_1_185' title='bbox 134 1330 251 1382; x_wconf 87' lang='lat' dir='ltr'>cipue</span> <span class='ocrx_word' id='word_1_186' title='bbox 275 1328 315 1367; x_wconf 90' lang='lat' dir='ltr'>in</span> <span class='ocrx_word' id='word_1_187' title='bbox 343 1326 421 1367; x_wconf 85' lang='lat' dir='ltr'>hoc</span> <span class='ocrx_word' id='word_1_188' title='bbox 445 1325 661 1380; x_wconf 89' lang='lat' dir='ltr'>specimine</span> <span class='ocrx_word' id='word_1_189' title='bbox 692 1337 834 1370; x_wconf 82' lang='lat' dir='ltr'>eventa</span> <span class='ocrx_word' id='word_1_190' title='bbox 863 1328 944 1378; x_wconf 88' lang='lat' dir='ltr'>ejus</span> <span class='ocrx_word' id='word_1_191' title='bbox 975 1338 1247 1381; x_wconf 84' lang='lat' dir='ltr'>exponemus,</span> <span class='ocrx_word' id='word_1_192' title='bbox 1281 1337 1383 1378; x_wconf 86' lang='lat' dir='ltr'>quae</span> <span class='ocrx_word' id='word_1_193' title='bbox 1413 1324 1472 1363; x_wconf 90' lang='lat' dir='ltr'>uti</span> <span class='ocrx_word' id='word_1_194' title='bbox 1489 1323 1590 1363; x_wconf 87' lang='lat' dir='ltr'>mari</span> 
     </span>
     <span class='ocr_line' id='line_1_21' title="bbox 136 1377 1589 1442; baseline -0.006 -16"><span class='ocrx_word' id='word_1_195' title='bbox 136 1385 295 1442; x_wconf 88' lang='lat' dir='ltr'>proprie</span> <span class='ocrx_word' id='word_1_196' title='bbox 324 1382 437 1425; x_wconf 67' lang='lat' dir='ltr'>dieto</span> <span class='ocrx_word' id='word_1_197' title='bbox 465 1384 709 1425; x_wconf 81' lang='lat' dir='ltr'>conveniunt</span> <span class='ocrx_word' id='word_1_198' title='bbox 742 1410 751 1419; x_wconf 90' lang='lat'>.</span> <span class='ocrx_word' id='word_1_199' title='bbox 798 1384 905 1429; x_wconf 90' lang='lat' dir='ltr'>Nam</span> <span class='ocrx_word' id='word_1_200' title='bbox 939 1383 990 1426; x_wconf 85' lang='lat' dir='ltr'>ad</span> <span class='ocrx_word' id='word_1_201' title='bbox 1017 1392 1186 1427; x_wconf 89' lang='lat' dir='ltr'>eventa,</span> <span class='ocrx_word' id='word_1_202' title='bbox 1216 1395 1317 1436; x_wconf 89' lang='lat' dir='ltr'>quae</span> <span class='ocrx_word' id='word_1_203' title='bbox 1347 1381 1406 1420; x_wconf 88' lang='lat' dir='ltr'>uti</span> <span class='ocrx_word' id='word_1_204' title='bbox 1435 1377 1589 1420; x_wconf 87' lang='lat' dir='ltr'>flumini</span> 
     </span>
     <span class='ocr_line' id='line_1_22' title="bbox 136 1435 1592 1493; baseline -0.004 -10"><span class='ocrx_word' id='word_1_205' title='bbox 136 1440 323 1483; x_wconf 80' lang='lat' dir='ltr'>accidunt</span> <span class='ocrx_word' id='word_1_206' title='bbox 339 1467 349 1482; x_wconf 85' lang='lat'><em>,</em></span> <span class='ocrx_word' id='word_1_207' title='bbox 375 1439 594 1485; x_wconf 88' lang='lat' dir='ltr'>multorum</span> <span class='ocrx_word' id='word_1_208' title='bbox 613 1439 856 1482; x_wconf 83' lang='lat' dir='ltr'>saeculorum</span> <span class='ocrx_word' id='word_1_209' title='bbox 871 1467 882 1483; x_wconf 93' lang='lat'>‚</span> <span class='ocrx_word' id='word_1_210' title='bbox 913 1439 1060 1483; x_wconf 85' lang='lat' dir='ltr'>nedum</span> <span class='ocrx_word' id='word_1_211' title='bbox 1078 1437 1384 1493; x_wconf 84' lang='lat' dir='ltr'>quinquennales</span> <span class='ocrx_word' id='word_1_212' title='bbox 1413 1435 1592 1478; x_wconf 82' lang='lat' dir='ltr'>observa-</span> 
     </span>
     <span class='ocr_line' id='line_1_23' title="bbox 136 1493 1587 1551; baseline -0.003 -12"><span class='ocrx_word' id='word_1_213' title='bbox 136 1500 262 1541; x_wconf 82' lang='lat' dir='ltr'>tiones</span> <span class='ocrx_word' id='word_1_214' title='bbox 292 1498 340 1538; x_wconf 88' lang='lat' dir='ltr'>ad</span> <span class='ocrx_word' id='word_1_215' title='bbox 358 1497 519 1550; x_wconf 87' lang='lat' dir='ltr'>aliquod</span> <span class='ocrx_word' id='word_1_216' title='bbox 551 1498 650 1537; x_wconf 91' lang='lat' dir='ltr'>certi</span> <span class='ocrx_word' id='word_1_217' title='bbox 681 1497 1024 1551; x_wconf 86' lang='lat' dir='ltr'>pronuntiandum</span> <span class='ocrx_word' id='word_1_218' title='bbox 1052 1498 1120 1536; x_wconf 86' lang='lat' dir='ltr'>vix</span> <span class='ocrx_word' id='word_1_219' title='bbox 1139 1493 1363 1536; x_wconf 85' lang='lat' dir='ltr'>sufficerent</span> <span class='ocrx_word' id='word_1_220' title='bbox 1381 1525 1389 1532; x_wconf 86' lang='lat'>.</span> <span class='ocrx_word' id='word_1_221' title='bbox 1422 1493 1587 1549; x_wconf 84' lang='lat' dir='ltr'>Aliquas</span> 
     </span>
     <span class='ocr_line' id='line_1_24' title="bbox 137 1550 1588 1608; baseline -0.002 -12"><span class='ocrx_word' id='word_1_222' title='bbox 137 1567 270 1597; x_wconf 87' lang='lat' dir='ltr'>tamen</span> <span class='ocrx_word' id='word_1_223' title='bbox 295 1555 542 1608; x_wconf 69' lang='lat' dir='ltr'>conjedturas</span> <span class='ocrx_word' id='word_1_224' title='bbox 561 1584 571 1599; x_wconf 85' lang='lat'>,</span> <span class='ocrx_word' id='word_1_225' title='bbox 601 1555 645 1594; x_wconf 88' lang='lat'>&amp;</span> <span class='ocrx_word' id='word_1_226' title='bbox 664 1551 955 1602; x_wconf 84' lang='lat' dir='ltr'>observationes</span> <span class='ocrx_word' id='word_1_227' title='bbox 985 1551 1073 1594; x_wconf 90' lang='lat' dir='ltr'>heic</span> <span class='ocrx_word' id='word_1_228' title='bbox 1102 1566 1262 1608; x_wconf 89' lang='lat' dir='ltr'>quoque</span> <span class='ocrx_word' id='word_1_229' title='bbox 1292 1550 1405 1606; x_wconf 89' lang='lat' dir='ltr'>super</span> <span class='ocrx_word' id='word_1_230' title='bbox 1434 1551 1508 1591; x_wconf 84' lang='lat' dir='ltr'>hac</span> <span class='ocrx_word' id='word_1_231' title='bbox 1546 1565 1588 1593; x_wconf 86' lang='lat' dir='ltr'>re</span> 
     </span>
     <span class='ocr_line' id='line_1_25' title="bbox 135 1608 1339 1667; baseline -0.006 -12"><span class='ocrx_word' id='word_1_232' title='bbox 135 1613 393 1667; x_wconf 85' lang='lat' dir='ltr'>adjungemus</span> <span class='ocrx_word' id='word_1_233' title='bbox 414 1638 421 1646; x_wconf 89' lang='lat'><em>-</em></span> <span class='ocrx_word' id='word_1_234' title='bbox 833 1627 835 1629; x_wconf 95' lang='lat'>·</span> <span class='ocrx_word' id='word_1_235' title='bbox 1114 1610 1115 1613; x_wconf 71' lang='grc'>’</span> <span class='ocrx_word' id='word_1_236' title='bbox 1335 1608 1339 1610; x_wconf 62' lang='grc'><em>’</em></span> 
     </span>
    </p>

    <p class='ocr_par' dir='ltr' id='par_1_4' title="bbox 82 1664 1592 2525">
     <span class='ocr_line' id='line_1_26' title="bbox 193 1664 1589 1721; baseline -0.004 -12"><span class='ocrx_word' id='word_1_237' title='bbox 193 1668 374 1711; x_wconf 90' lang='lat' dir='ltr'>Secundo</span> <span class='ocrx_word' id='word_1_238' title='bbox 391 1666 612 1708; x_wconf 80' lang='lat' dir='ltr'>notandum</span> <span class='ocrx_word' id='word_1_239' title='bbox 638 1666 692 1708; x_wconf 91' lang='lat' dir='ltr'>est</span> <span class='ocrx_word' id='word_1_240' title='bbox 721 1681 803 1721; x_wconf 86' lang='lat' dir='ltr'>quo</span> <span class='ocrx_word' id='word_1_241' title='bbox 818 1669 957 1710; x_wconf 87' lang='lat' dir='ltr'>ordine</span> <span class='ocrx_word' id='word_1_242' title='bbox 988 1670 1032 1714; x_wconf 87' lang='lat'>&amp;</span> <span class='ocrx_word' id='word_1_243' title='bbox 1048 1667 1170 1708; x_wconf 91' lang='lat' dir='ltr'>modo</span> <span class='ocrx_word' id='word_1_244' title='bbox 1202 1664 1498 1708; x_wconf 82' lang='lat' dir='ltr'>observationes</span> <span class='ocrx_word' id='word_1_245' title='bbox 1516 1679 1589 1705; x_wconf 88' lang='lat' dir='ltr'>no-</span> 
     </span>
     <span class='ocr_line' id='line_1_27' title="bbox 135 1722 1589 1779; baseline -0.003 -11"><span class='ocrx_word' id='word_1_246' title='bbox 135 1726 227 1771; x_wconf 81' lang='lat' dir='ltr'>stras</span> <span class='ocrx_word' id='word_1_247' title='bbox 257 1724 532 1766; x_wconf 84' lang='lat' dir='ltr'>instituerimus</span> <span class='ocrx_word' id='word_1_248' title='bbox 550 1757 558 1764; x_wconf 93' lang='lat'><em>.</em></span> <span class='ocrx_word' id='word_1_249' title='bbox 577 1726 712 1779; x_wconf 85' lang='lat' dir='ltr'>Atque</span> <span class='ocrx_word' id='word_1_250' title='bbox 741 1725 827 1769; x_wconf 84' lang='lat' dir='ltr'>heic</span> <span class='ocrx_word' id='word_1_251' title='bbox 858 1724 1060 1768; x_wconf 86' lang='lat' dir='ltr'>sciendum</span> <span class='ocrx_word' id='word_1_252' title='bbox 1082 1723 1136 1765; x_wconf 80' lang='lat' dir='ltr'>est</span> <span class='ocrx_word' id='word_1_253' title='bbox 1153 1751 1162 1766; x_wconf 90' lang='lat'><em>‚</em></span> <span class='ocrx_word' id='word_1_254' title='bbox 1181 1736 1250 1763; x_wconf 86' lang='lat' dir='ltr'>nos</span> <span class='ocrx_word' id='word_1_255' title='bbox 1284 1722 1392 1763; x_wconf 78' lang='lat' dir='ltr'>facili</span> <span class='ocrx_word' id='word_1_256' title='bbox 1423 1724 1589 1779; x_wconf 88' lang='lat' dir='ltr'>negotio</span> 
     </span>
     <span class='ocr_line' id='line_1_28' title="bbox 136 1778 1590 1838; baseline -0.003 -13"><span class='ocrx_word' id='word_1_257' title='bbox 136 1799 198 1825; x_wconf 88' lang='lat' dir='ltr'>eas</span> <span class='ocrx_word' id='word_1_258' title='bbox 229 1780 455 1823; x_wconf 79' lang='lat' dir='ltr'>absolvisse.</span> <span class='ocrx_word' id='word_1_259' title='bbox 487 1783 625 1836; x_wconf 78' lang='lat' dir='ltr'>Qum</span> <span class='ocrx_word' id='word_1_260' title='bbox 656 1784 761 1823; x_wconf 88' lang='lat' dir='ltr'>enim</span> <span class='ocrx_word' id='word_1_261' title='bbox 793 1794 1046 1838; x_wconf 88' lang='lat' dir='ltr'>compertum</span> <span class='ocrx_word' id='word_1_262' title='bbox 1076 1781 1286 1822; x_wconf 85' lang='lat' dir='ltr'>habeamus</span> <span class='ocrx_word' id='word_1_263' title='bbox 1317 1778 1590 1836; x_wconf 74' lang='lat' dir='ltr'>Phyficos‘,ut</span> 
     </span>
     <span class='ocr_line' id='line_1_29' title="bbox 82 1836 1591 1895; baseline -0.003 -12"><span class='ocrx_word' id='word_1_264' title='bbox 82 1882 86 1883; x_wconf 21' lang='lat'><em>⁷</em></span> <span class='ocrx_word' id='word_1_265' title='bbox 138 1841 233 1881; x_wconf 74' lang='lat' dir='ltr'>aeris·</span> <span class='ocrx_word' id='word_1_266' title='bbox 265 1840 524 1894; x_wconf 82' lang='lat' dir='ltr'>gravitatem,</span> <span class='ocrx_word' id='word_1_267' title='bbox 553 1838 614 1880; x_wconf 86' lang='lat' dir='ltr'>vel</span> <span class='ocrx_word' id='word_1_268' title='bbox 643 1839 815 1879; x_wconf 89' lang='lat' dir='ltr'>calorem</span> <span class='ocrx_word' id='word_1_269' title='bbox 841 1838 1052 1895; x_wconf 86' lang='lat' dir='ltr'>explorent</span> <span class='ocrx_word' id='word_1_270' title='bbox 1070 1866 1079 1881; x_wconf 87' lang='lat'>‚</span> <span class='ocrx_word' id='word_1_271' title='bbox 1113 1836 1370 1880; x_wconf 86' lang='lat' dir='ltr'>instrumenta</span> <span class='ocrx_word' id='word_1_272' title='bbox 1397 1838 1591 1893; x_wconf 79' lang='lat' dir='ltr'>quaedam</span> 
     </span>
     <span class='ocr_line' id='line_1_30' title="bbox 136 1894 1592 1953; baseline -0.002 -14"><span class='ocrx_word' id='word_1_273' title='bbox 136 1897 292 1953; x_wconf 87' lang='lat' dir='ltr'>liquidis</span> <span class='ocrx_word' id='word_1_274' title='bbox 321 1894 530 1952; x_wconf 87' lang='lat' dir='ltr'>semiplena</span> <span class='ocrx_word' id='word_1_275' title='bbox 556 1896 698 1938; x_wconf 82' lang='lat' dir='ltr'>habere</span> <span class='ocrx_word' id='word_1_276' title='bbox 716 1924 725 1940; x_wconf 81' lang='lat'>‚</span> <span class='ocrx_word' id='word_1_277' title='bbox 756 1897 800 1936; x_wconf 87' lang='lat'>&amp;</span> <span class='ocrx_word' id='word_1_278' title='bbox 816 1898 986 1942; x_wconf 78' lang='lat' dir='ltr'>numeris</span> <span class='ocrx_word' id='word_1_279' title='bbox 1017 1905 1153 1937; x_wconf 87' lang='lat' dir='ltr'>notata</span> <span class='ocrx_word' id='word_1_280' title='bbox 1170 1921 1181 1938; x_wconf 89' lang='lat'>,</span> <span class='ocrx_word' id='word_1_281' title='bbox 1206 1895 1348 1950; x_wconf 89' lang='lat' dir='ltr'>quibus</span> <span class='ocrx_word' id='word_1_282' title='bbox 1381 1897 1421 1935; x_wconf 89' lang='lat' dir='ltr'>id</span> <span class='ocrx_word' id='word_1_283' title='bbox 1439 1910 1592 1951; x_wconf 88' lang='lat' dir='ltr'>cogno-</span> 
     </span>
     <span class='ocr_line' id='line_1_31' title="bbox 138 1951 1590 2008; baseline -0.001 -13"><span class='ocrx_word' id='word_1_284' title='bbox 138 1955 271 2002; x_wconf 84' lang='lat' dir='ltr'>scant:</span> <span class='ocrx_word' id='word_1_285' title='bbox 301 1955 360 1994; x_wconf 90' lang='lat' dir='ltr'>Sic</span> <span class='ocrx_word' id='word_1_286' title='bbox 386 1955 429 1993; x_wconf 69' lang='grc' dir='ltr'>ὅ(</span> <span class='ocrx_word' id='word_1_287' title='bbox 459 1967 527 1994; x_wconf 86' lang='lat' dir='ltr'>nos</span> <span class='ocrx_word' id='word_1_288' title='bbox 556 1967 764 1999; x_wconf 88' lang='lat' dir='ltr'>numeros,</span> <span class='ocrx_word' id='word_1_289' title='bbox 792 1955 835 1993; x_wconf 85' lang='lat'>&amp;</span> <span class='ocrx_word' id='word_1_290' title='bbox 861 1951 967 2008; x_wconf 78' lang='lat' dir='ltr'>signa</span> <span class='ocrx_word' id='word_1_291' title='bbox 991 1953 1218 1995; x_wconf 88' lang='lat' dir='ltr'>notavimus</span> <span class='ocrx_word' id='word_1_292' title='bbox 1248 1953 1287 1992; x_wconf 93' lang='lat' dir='ltr'>in</span> <span class='ocrx_word' id='word_1_293' title='bbox 1304 1951 1416 1994; x_wconf 90' lang='lat' dir='ltr'>Mole</span> <span class='ocrx_word' id='word_1_294' title='bbox 1448 1953 1590 1994; x_wconf 80' lang='lat' dir='ltr'>Portus</span> 
     </span>
     <span class='ocr_line' id='line_1_32' title="bbox 141 2008 1587 2066; baseline 0 -13"><span class='ocrx_word' id='word_1_295' title='bbox 141 2010 261 2053; x_wconf 87' lang='lat' dir='ltr'>nostri</span> <span class='ocrx_word' id='word_1_296' title='bbox 279 2039 289 2053; x_wconf 92' lang='lat'>‚</span> <span class='ocrx_word' id='word_1_297' title='bbox 318 2011 361 2050; x_wconf 61' lang='grc' dir='ltr'>ὃς</span> <span class='ocrx_word' id='word_1_298' title='bbox 377 2012 418 2051; x_wconf 90' lang='lat' dir='ltr'>in</span> <span class='ocrx_word' id='word_1_299' title='bbox 434 2011 565 2066; x_wconf 82' lang='lat' dir='ltr'>Lignis</span> <span class='ocrx_word' id='word_1_300' title='bbox 580 2012 841 2052; x_wconf 86' lang='lat' dir='ltr'>exterioribus</span> <span class='ocrx_word' id='word_1_301' title='bbox 856 2008 1021 2052; x_wconf 80' lang='lat' dir='ltr'>confixis</span> <span class='ocrx_word' id='word_1_302' title='bbox 1040 2039 1049 2053; x_wconf 85' lang='lat'><strong><em>‚</em></strong></span> <span class='ocrx_word' id='word_1_303' title='bbox 1072 2011 1210 2065; x_wconf 86' lang='lat' dir='ltr'>quibus</span> <span class='ocrx_word' id='word_1_304' title='bbox 1229 2009 1587 2053; x_wconf 85' lang='lat' dir='ltr'>intumescentiam‚</span> 
     </span>
     <span class='ocr_line' id='line_1_33' title="bbox 139 2065 1585 2123; baseline -0.001 -13"><span class='ocrx_word' id='word_1_305' title='bbox 139 2066 360 2110; x_wconf 77' lang='lat' dir='ltr'>&amp;accessus</span> <span class='ocrx_word' id='word_1_306' title='bbox 390 2069 434 2107; x_wconf 73' lang='grc' dir='ltr'>ὅ(</span> <span class='ocrx_word' id='word_1_307' title='bbox 461 2068 621 2109; x_wconf 78' lang='lat' dir='ltr'>recessus</span> <span class='ocrx_word' id='word_1_308' title='bbox 648 2071 776 2109; x_wconf 84' lang='lat' dir='ltr'>varios</span> <span class='ocrx_word' id='word_1_309' title='bbox 798 2069 914 2109; x_wconf 85' lang='lat' dir='ltr'>maris</span> <span class='ocrx_word' id='word_1_310' title='bbox 941 2068 1061 2109; x_wconf 88' lang='lat' dir='ltr'>nostri</span> <span class='ocrx_word' id='word_1_311' title='bbox 1091 2065 1443 2123; x_wconf 86' lang='lat' dir='ltr'>cognosceremus,</span> <span class='ocrx_word' id='word_1_312' title='bbox 1477 2068 1585 2122; x_wconf 87' lang='lat' dir='ltr'>quod</span> 
     </span>
     <span class='ocr_line' id='line_1_34' title="bbox 142 2123 1586 2182; baseline 0.001 -17"><span class='ocrx_word' id='word_1_313' title='bbox 142 2140 192 2168; x_wconf 80' lang='lat' dir='ltr'>ex</span> <span class='ocrx_word' id='word_1_314' title='bbox 224 2127 281 2166; x_wconf 77' lang='lat' dir='ltr'>his</span> <span class='ocrx_word' id='word_1_315' title='bbox 311 2125 420 2167; x_wconf 84' lang='lat' dir='ltr'>velut</span> <span class='ocrx_word' id='word_1_316' title='bbox 446 2139 633 2181; x_wconf 73' lang='lat' dir='ltr'>mignum</span> <span class='ocrx_word' id='word_1_317' title='bbox 669 2125 975 2182; x_wconf 76' lang='lat' dir='ltr'>Bai-oscopium,</span> <span class='ocrx_word' id='word_1_318' title='bbox 1005 2126 1067 2168; x_wconf 83' lang='lat' dir='ltr'>vel</span> <span class='ocrx_word' id='word_1_319' title='bbox 1093 2123 1447 2179; x_wconf 85' lang='lat' dir='ltr'>Thermoscopium</span> <span class='ocrx_word' id='word_1_320' title='bbox 1474 2155 1485 2171; x_wconf 94' lang='lat'>‚</span> <span class='ocrx_word' id='word_1_321' title='bbox 1515 2137 1586 2166; x_wconf 87' lang='lat' dir='ltr'>aut</span> 
     </span>
     <span class='ocr_line' id='line_1_35' title="bbox 142 2180 1584 2240; baseline -0.001 -16"><span class='ocrx_word' id='word_1_322' title='bbox 142 2183 277 2224; x_wconf 86' lang='lat' dir='ltr'>melius</span> <span class='ocrx_word' id='word_1_323' title='bbox 306 2183 414 2225; x_wconf 88' lang='lat' dir='ltr'>velut</span> <span class='ocrx_word' id='word_1_324' title='bbox 445 2198 633 2239; x_wconf 85' lang='lat' dir='ltr'>magnum</span> <span class='ocrx_word' id='word_1_325' title='bbox 662 2183 960 2240; x_wconf 68' lang='lat' dir='ltr'>Ongoscopium</span> <span class='ocrx_word' id='word_1_326' title='bbox 978 2216 988 2230; x_wconf 85' lang='lat'><em>,</em></span> <span class='ocrx_word' id='word_1_327' title='bbox 1019 2182 1194 2227; x_wconf 81' lang='lat' dir='ltr'>fiomnia</span> <span class='ocrx_word' id='word_1_328' title='bbox 1226 2196 1368 2237; x_wconf 89' lang='lat' dir='ltr'>graece</span> <span class='ocrx_word' id='word_1_329' title='bbox 1392 2180 1481 2223; x_wconf 87' lang='lat' dir='ltr'>sunt</span> <span class='ocrx_word' id='word_1_330' title='bbox 1511 2197 1584 2237; x_wconf 86' lang='lat' dir='ltr'>ap-</span> 
     </span>
     <span class='ocr_line' id='line_1_36' title="bbox 143 2237 1587 2296; baseline -0.001 -16"><span class='ocrx_word' id='word_1_331' title='bbox 143 2239 324 2296; x_wconf 84' lang='lat' dir='ltr'>pellanda</span> <span class='ocrx_word' id='word_1_332' title='bbox 339 2270 349 2284; x_wconf 91' lang='grc'><strong><em>,</em></strong></span> <span class='ocrx_word' id='word_1_333' title='bbox 381 2240 528 2282; x_wconf 72' lang='lat' dir='ltr'>accessu</span> <span class='ocrx_word' id='word_1_334' title='bbox 545 2243 587 2282; x_wconf 82' lang='lat'>&amp;</span> <span class='ocrx_word' id='word_1_335' title='bbox 604 2241 743 2288; x_wconf 79' lang='lat' dir='ltr'>receffu</span> <span class='ocrx_word' id='word_1_336' title='bbox 761 2242 1133 2296; x_wconf 83' lang='lat' dir='ltr'>contemplabamur</span> <span class='ocrx_word' id='word_1_337' title='bbox 1151 2256 1160 2285; x_wconf 91' lang='lat'>;</span> <span class='ocrx_word' id='word_1_338' title='bbox 1188 2242 1323 2295; x_wconf 89' lang='lat' dir='ltr'>Atque</span> <span class='ocrx_word' id='word_1_339' title='bbox 1340 2240 1379 2283; x_wconf 82' lang='lat' dir='ltr'>in</span> <span class='ocrx_word' id='word_1_340' title='bbox 1398 2238 1457 2279; x_wconf 91' lang='lat' dir='ltr'>his</span> <span class='ocrx_word' id='word_1_341' title='bbox 1473 2237 1587 2296; x_wconf 86' lang='lat' dir='ltr'>fignis</span> 
     </span>
     <span class='ocr_line' id='line_1_37' title="bbox 143 2295 1583 2354; baseline 0.001 -17"><span class='ocrx_word' id='word_1_342' title='bbox 143 2295 195 2337; x_wconf 82' lang='lat' dir='ltr'>usi</span> <span class='ocrx_word' id='word_1_343' title='bbox 228 2296 351 2344; x_wconf 80' lang='lat' dir='ltr'>sumus</span> <span class='ocrx_word' id='word_1_344' title='bbox 392 2297 573 2340; x_wconf 85' lang='lat' dir='ltr'>mensuris</span> <span class='ocrx_word' id='word_1_345' title='bbox 604 2298 910 2341; x_wconf 83' lang='lat' dir='ltr'>Ariminenfibus</span> <span class='ocrx_word' id='word_1_346' title='bbox 943 2314 1147 2354; x_wconf 83' lang='lat' dir='ltr'>tamquam</span> <span class='ocrx_word' id='word_1_347' title='bbox 1178 2299 1300 2351; x_wconf 68' lang='lat' dir='ltr'>magis</span> <span class='ocrx_word' id='word_1_348' title='bbox 1331 2297 1583 2341; x_wconf 85' lang='lat' dir='ltr'>commodis,</span> 
     </span>
     <span class='ocr_line' id='line_1_38' title="bbox 144 2352 1584 2413; baseline 0.001 -19"><span class='ocrx_word' id='word_1_349' title='bbox 144 2353 244 2411; x_wconf 84' lang='lat' dir='ltr'>pede</span> <span class='ocrx_word' id='word_1_350' title='bbox 278 2353 423 2398; x_wconf 84' lang='lat' dir='ltr'>scilicet</span> <span class='ocrx_word' id='word_1_351' title='bbox 453 2357 687 2398; x_wconf 69' lang='lat' dir='ltr'>Ariminensi</span> <span class='ocrx_word' id='word_1_352' title='bbox 705 2387 714 2401; x_wconf 95' lang='lat'>,</span> <span class='ocrx_word' id='word_1_353' title='bbox 746 2359 839 2413; x_wconf 85' lang='lat' dir='ltr'>qui,</span> <span class='ocrx_word' id='word_1_354' title='bbox 866 2359 1083 2401; x_wconf 79' lang='lat' dir='ltr'>adnotante</span> <span class='ocrx_word' id='word_1_355' title='bbox 1110 2355 1269 2398; x_wconf 59' lang='lat' dir='ltr'>Andr-ea</span> <span class='ocrx_word' id='word_1_356' title='bbox 1285 2352 1413 2395; x_wconf 83' lang='lat' dir='ltr'>Celfio</span> <span class='ocrx_word' id='word_1_357' title='bbox 1430 2355 1584 2399; x_wconf 89' lang='lat' dir='ltr'>Mathe-</span> 
     </span>
     <span class='ocr_line' id='line_1_39' title="bbox 145 2410 1588 2471; baseline 0.001 -20"><span class='ocrx_word' id='word_1_358' title='bbox 145 2414 294 2452; x_wconf 81' lang='lat' dir='ltr'>matico</span> <span class='ocrx_word' id='word_1_359' title='bbox 311 2411 509 2466; x_wconf 81' lang='lat' dir='ltr'>Vpsalenfi</span> <span class='ocrx_word' id='word_1_360' title='bbox 533 2415 572 2455; x_wconf 74' lang='grc' dir='ltr'>ὃ(</span> <span class='ocrx_word' id='word_1_361' title='bbox 600 2417 731 2456; x_wconf 83' lang='lat' dir='ltr'>amico</span> <span class='ocrx_word' id='word_1_362' title='bbox 759 2413 890 2455; x_wconf 88' lang='lat' dir='ltr'>nostro</span> <span class='ocrx_word' id='word_1_363' title='bbox 909 2414 988 2461; x_wconf 80' lang='lat' dir='ltr'>‚est</span> <span class='ocrx_word' id='word_1_364' title='bbox 1018 2416 1064 2455; x_wconf 87' lang='lat' dir='ltr'>ad</span> <span class='ocrx_word' id='word_1_365' title='bbox 1101 2414 1239 2471; x_wconf 81' lang='lat' dir='ltr'>pedem</span> <span class='ocrx_word' id='word_1_366' title='bbox 1264 2410 1509 2453; x_wconf 84' lang='lat' dir='ltr'>Parifiensem</span> <span class='ocrx_word' id='word_1_367' title='bbox 1543 2423 1588 2453; x_wconf 86' lang='lat' dir='ltr'>ut</span> 
     </span>
     <span class='ocr_line' id='line_1_40' title="bbox 152 2469 1588 2525; baseline -0.002 -13"><span class='ocrx_word' id='word_1_368' title='bbox 152 2484 265 2510; x_wconf 72' lang='lat'><em>1000.</em></span> <span class='ocrx_word' id='word_1_369' title='bbox 283 2469 329 2511; x_wconf 85' lang='lat' dir='ltr'>ad</span> <span class='ocrx_word' id='word_1_370' title='bbox 352 2483 440 2521; x_wconf 80' lang='lat'>599.</span> <span class='ocrx_word' id='word_1_371' title='bbox 474 2472 542 2514; x_wconf 90' lang='lat' dir='ltr'>Pes</span> <span class='ocrx_word' id='word_1_372' title='bbox 574 2471 636 2514; x_wconf 91' lang='lat' dir='ltr'>hic</span> <span class='ocrx_word' id='word_1_373' title='bbox 652 2472 777 2514; x_wconf 87' lang='lat' dir='ltr'>noster</span> <span class='ocrx_word' id='word_1_374' title='bbox 795 2470 1048 2514; x_wconf 79' lang='lat' dir='ltr'>Ariminensis</span> <span class='ocrx_word' id='word_1_375' title='bbox 1081 2475 1121 2513; x_wconf 93' lang='lat' dir='ltr'>in</span> <span class='ocrx_word' id='word_1_376' title='bbox 1137 2472 1274 2512; x_wconf 67' lang='lat' dir='ltr'>decem</span> <span class='ocrx_word' id='word_1_377' title='bbox 1293 2472 1436 2525; x_wconf 87' lang='lat' dir='ltr'>parteis</span> <span class='ocrx_word' id='word_1_378' title='bbox 1452 2500 1463 2515; x_wconf 87' lang='lat'>‚</span> <span class='ocrx_word' id='word_1_379' title='bbox 1494 2483 1588 2525; x_wconf 80' lang='lat' dir='ltr'>quas</span> 
     </span>
    </p>

    <p class='ocr_par' dir='ltr' id='par_1_5' title="bbox 940 2533 1590 2573">
     <span class='ocr_line' id='line_1_41' title="bbox 940 2533 1590 2573; baseline -0.009 -2"><span class='ocrx_word' id='word_1_380' title='bbox 940 2533 976 2571; x_wconf 85' lang='lat' dir='ltr'>G</span> <span class='ocrx_word' id='word_1_381' title='bbox 1011 2546 1034 2573; x_wconf 85' lang='lat'>2</span> <span class='ocrx_word' id='word_1_382' title='bbox 1521 2541 1590 2566; x_wconf 83' lang='lat' dir='ltr'>un-</span> 
     </span>
    </p>
   </div>
  </div>
 </body>
</html>
