1814 2902
407 230 880 273 APPENDrx
938 230 1269 273 PRIMA:
1523 243 1592 278 912.

112 325 298 367 Sarmatis
314 324 388 365 illis
403 352 414 366 ‚
445 323 484 364 id
503 321 577 362 fixit
592 353 603 368 ‚
620 323 715 378 quia·
730 332 910 376 tempore
924 348 935 364 ‚
951 335 1033 375 quo
1049 320 1168 361 Liber
1181 333 1288 360 meus
1306 319 1480 360 Venetiis
1496 319 1585 360 ede-

109 384 226 424 batur
256 413 267 428 ‚
297 378 520 423 universam
551 378 752 433 Scythiam
782 379 1028 433 Europaeam
1057 378 1286 419 victricibus
1318 378 1437 417 armis
1467 374 1591 418 vasta-v

110 450 205 481 runt
224 441 423 480 Sarmatae
440 436 523 478 illi,
540 438 584 476 ἀ
596 435 890 476 Oezacowium
905 435 945 474 in
962 434 1094 473 Ponto
1110 434 1262 473 Euxino
1281 461 1292 476 ‚
1324 434 1368 473 δε
1386 431 1593 489 Asophurn

110 497 160 538 ad
177 496 345 538 Tanaim
375 502 658 548 occuparunt,
681 505 802 546 quare
832 502 928 531 tunc
944 521 957 536 ,
984 490 1029 530 &
1057 504 1128 545 per
1157 491 1334 530 Pontum
1365 491 1563 531 Euxinum
1579 510 1594 533 a

109 552 430 605 Maeotidemque
444 549 633 591 Paludem
649 548 767 603 longe
781 547 937 601 lateque
953 547 1207 603 imperabant
1232 575 1241 583 .
1275 546 1348 586 Sed
1366 559 1465 600 pace
1481 547 1593 587 dein-

111 610 160 651 de
183 624 275 650 cum
306 608 448 650 Tuscis
478 608 580 647 inita
605 607 742 646 omnia
769 605 969 658 prioribus
996 605 1182 644 Dominis
1209 602 1385 644 restituta
1410 603 1592 645 fuerunt.

167 666 366 707 XXXXVI.
399 665 485 720 Pag·
506 678 525 717 ς
533 677 568 716 3·
597 664 695 704 linea
710 663 845 704 ultima
861 691 869 700 .
900 661 1118 702 Fatendum
1141 662 1181 701 in
1198 660 1429 703 Noviluniis
1445 663 1489 702 &
1503 661 1591 702 Ple·-

110 723 267 764 niluniis
284 751 295 768 ‚
328 735 429 778 quae
454 722 698 774 contingunt
711 734 756 760 ea
782 717 876 758 luna
891 746 903 762 ‚
932 733 1032 773 quae
1063 718 1247 775 proxime
1270 717 1441 773 sequitur
1460 719 1594 760 Solsti-

109 782 165 821 tia
176 809 187 824 ,
207 779 387 821 accidere
403 782 568 832 majores
582 776 745 818 recessus
759 776 876 815 maris
892 790 917 815 a
939 775 1072 817 Terris
1088 774 1224 817 nostris
1242 777 1336 817 data
1354 779 1593 832 proportio-

108 851 156 878 ne
172 867 182 883 ,
198 851 318 890 quam
333 834 500 877 accessus
520 862 528 871 .
554 835 664 875 Mare
681 844 777 874 tunc
793 834 838 872 iis
856 835 1100 888 temporibus
1114 833 1281 874 cuilibet
1297 844 1406 888 patet
1423 835 1462 874 in
1478 834 1594 876 reflu-

107 908 159 935 xu
177 895 299 947 magis
321 893 503 934 recedere
520 906 543 932 a
556 891 689 932 Terris
706 905 721 934 ;μ
746 889 794 930 Id
809 891 929 930 etiam
945 891 1092 931 accidit
1110 893 1150 931 in
1164 889 1368 932 recessibus
1388 919 1398 933 ,
1414 893 1482 946 qui
1497 906 1598 933 con-

109 952 270 1005 tingunt
303 952 344 990 in
362 949 637 1003 Aequinodtiis
657 975 667 990 ‚
700 945 765 988 sed
780 948 949 988 minores
965 947 1052 989 sunt
1083 947 1150 992 hi,
1181 962 1301 1003 quam
1327 949 1368 988 in
1386 947 1564 990 Solstitiis
1586 978 1595 988 .

164 1007 381 1049 XXXXVII.
412 1007 499 1061 Pag-
520 1011 586 1046 61.
603 1006 653 1045 ad
668 1005 843 1046 Scholium
859 1036 869 1044 .
899 1005 1157 1061 Aquistitium
1175 1003 1419 1046 notiffimum
1445 1005 1498 1046 est
1514 1009 1595 1049 Ve-

107 1066 221 1104 netiis
238 1094 248 1109 ‚
278 1066 321 1104 &
353 1075 448 1104 tunc
465 1063 751 1104 Navicularum
781 1065 959 1103 vectores
984 1065 1098 1116 ajunt
1121 1063 1333 1104 vernacula
1364 1077 1502 1103 eorum
1520 1063 1596 1104 lin-

108 1135 156 1175 ga
175 1138 183 1163 :
213 1122 245 1161 le
261 1124 379 1176 Aeque
400 1123 528 1160 Hanno
543 1121 676 1172 insede
691 1151 699 1159 .
730 1122 888 1161 Nautae
907 1120 1135 1161 verovnostri
1151 1122 1265 1173 ajunt
1277 1135 1292 1160 ε.
1318 1121 1350 1159 le
1365 1122 1488 1176 Aeque
1499 1133 1593 1176 pun·

106 1189 190 1218 tano
208 1210 216 1217 .
248 1178 383 1218 Aestus
403 1179 507 1218 enirn
525 1175 697 1218 marinus
725 1178 897 1217 maxime
913 1178 1106 1218 conducit
1122 1178 1293 1217 Venetiis
1321 1177 1373 1217 ad·
1395 1176 1588 1219 vehendas

106 1247 246 1288 parvas
272 1235 338 1275 illa
354 1235 554 1290 Cymbas,
588 1232 652 1275 seu
677 1231 857 1273 Phaselos
884 1232 975 1273 illos
992 1264 1002 1279 ‚
1035 1234 1174 1289 quibus
1201 1234 1390 1274 incedunt
1407 1236 1597 1276 Venetia-

107 1306 196 1331 rum
227 1292 469 1331 habitatores
487 1304 558 1344 per
585 1291 737 1331 canales
753 1289 836 1330 suos
854 1319 864 1333 ,
899 1305 990 1331 nam
1016 1290 1044 1332 fi
1059 1302 1202 1332 contra
1225 1289 1379 1332 fluxum
1400 1305 1594 1346 aquarum

107 1347 306 1388 vehendae
322 1345 410 1387 sunt
427 1346 631 1387 naviculae
653 1347 741 1388 illae
753 1375 762 1390 ‚
781 1349 905 1402 magis
921 1348 1190 1403 defatigantur
1207 1351 1385 1390 vectores
1403 1377 1414 1392 ‚
1431 1363 1551 1403 quam
1566 1348 1593 1390 si

105 1406 212 1458 aquis
238 1402 410 1445 secundis
431 1404 648 1445 vehantur.
680 1404 856 1458 Qando
873 1404 926 1444 est
940 1407 1146 1460 Aquarum
1163 1420 1274 1446 mora
1293 1433 1304 1449 ,
1339 1404 1400 1448 seu
1418 1406 1594 1461 Aquisti-

106 1462 319 1504 tium‚tunc
331 1463 509 1516 Cymbae
525 1462 738 1502 commode
755 1462 794 1501 in
807 1475 1096 1516 quamcumque
1109 1472 1261 1518 partem
1275 1465 1389 1504 remis
1406 1475 1590 1517 aguntur.

163 1518 397 1559 XXXXVIII.
430 1518 516 1573 Pag.
534 1524 600 1569 63·
635 1519 768 1558 Verba
782 1520 879 1559 haec
904 1533 1002 1573 pene
1032 1521 1168 1559 omnia
1185 1520 1225 1559 in
1243 1519 1321 1570 hoc
1337 1520 1498 1562 Scholio
1515 1534 1596 1576 po»

103 1573 174 1616 sita
206 1576 255 1616 de
287 1577 497 1616 immutata
527 1576 643 1615 maris
672 1575 884 1616 altitudine
917 1578 956 1616 in
986 1576 1171 1631 procellis
1207 1575 1484 1619 exscribuntur·
1506 1607 1516 1623 ,
1533 1582 1596 1621 &c

105 1634 379 1688 approbantur
411 1647 434 1672 a
449 1632 566 1672 Petro
583 1631 815 1672 Tabarrano
839 1633 894 1672 M.
912 1635 962 1673 D.
978 1636 1023 1674 &
1051 1634 1174 1675 modo
1191 1635 1409 1675 Anatomes
1437 1636 1596 1677 Profesa

106 1687 189 1728 sore
206 1690 245 1728 in
263 1686 414 1729 Senensi
433 1689 650 1729 Academia
667 1718 677 1733 ‚
695 1690 826 1730 amico
856 1689 992 1731 nostro
1009 1721 1019 1735 ‚
1049 1693 1089 1730 in
1114 1691 1219 1731 libro
1245 1691 1512 1745 apologetico
1534 1694 1596 1734 ab·

104 1744 318 1786 eol-’isauri
333 1743 409 1786 fine
438 1747 598 1786 nomine
630 1746 737 1786 edito
767 1760 872 1787 anno
890 1746 1090 1788 milleslmo
1119 1746 1462 1801 septingentesimo
1490 1765 1595 1806 qua-

104 1800 323 1857 dragesimo
354 1804 487 1857 'primo
520 1800 724 1842 occasione
749 1803 1038 1846 controversiae
1069 1805 1119 1846 de
1148 1803 1336 1847 recisione
1366 1807 1507 1861 Sylvae
1537 1808 1590 1849 ad

107 1860 224 1898 Viam
247 1860 418 1914 Regiam
435 1860 475 1899 in
500 1859 655 1899 ditione
671 1858 831 1900 Lucenfi
847 1890 855 1899 .

160 1916 416 1957 XXXXVHH-
450 1916 534 1956 Lin.
561 1929 626 1956 20.
654 1929 735 1973 pag.
755 1924 816 1958 80.
845 1918 1045 1973 Appendice
1062 1917 1107 1958 IL
1138 1918 1378 1961 Observatio
1412 1918 1508 1962 haec
1537 1922 1587 1963 de

103 1971 344 2028 depressione
360 1975 583 2014 Ba-rometri
611 1972 846 2014 exscribitur
878 1977 974 2015 item
990 2005 1001 2021 ,
1030 1976 1074 2015 &
1090 1978 1338 2032 approbatur
1354 1991 1376 2017 a
1394 1977 1591 2020 Tabarra-

104 2031 212 2069 no-in
234 2029 338 2070 libro
363 2031 492 2070 citato
507 2044 597 2085 pag.
616 2028 935 2085 quinquagesima
951 2033 1080 2087 prima
1096 2061 1104 2069 .

165 2087 209 2126 L.
241 2087 328 2143 Pag.
347 2102 412 2134 70.
437 2086 739 2128 Observationes
770 2086 892 2130 saetas
921 2089 1252 2131 aMathematicis
1279 2091 1593 2136 Bononiensibus

104 2145 211 2185 circa
235 2143 362 2184 lutum
393 2145 433 2184 in
460 2157 586 2198 parvo
603 2143 746 2186 Rheno
775 2157 1016 2187 contentum
1040 2149 1219 2189 narravit
1254 2147 1354 2188 mihi
1385 2150 1590 2193 Bernardi-

105 2215 174 2242 nus
194 2201 404 2242 Zendrinus
421 2201 475 2241 M.
496 2204 545 2242 D.
562 2203 605 2243 &
628 2203 893 2256 Reipublicae
908 2204 1083 2246 Venetae
1099 2205 1407 2247 Mathematicus
1436 2211 1586 2251 amicus

107 2257 232 2299 noster
257 2259 354 2300 dum
385 2261 536 2301 viveret
566 2287 576 2302 ‚
608 2261 675 2316 qui
702 2260 881 2302 interfuit
908 2260 1246 2305 observationibus
1275 2262 1380 2310 illis,
1412 2277 1474 2305 eas
1508 2281 1588 2308 non

106 2314 214 2356 fuiffe
232 2315 440 2371 diligenter
470 2316 609 2357 sumtas
626 2346 637 2361 ,
669 2319 712 2358 &
728 2330 911 2359 accurate
929 2317 1050 2360 saetas
1068 2348 1078 2363 ‚
1110 2319 1171 2361 sed
1189 2320 1478 2363 existimatione
1501 2336 1587 2364 tan-

107 2382 191 2412 tum
216 2372 421 2413 arbitraria
438 2404 447 2419 ‚
477 2376 520 2414 &
546 2388 624 2415 non
655 2389 703 2416 ex
733 2375 979 2432 depositione
1002 2379 1103 2418 Limi
1120 2409 1130 2424 ‚
1160 2380 1203 2419 ὃς
1222 2393 1272 2419 ex
1301 2383 1585 2434 evaporatione

106 2432 246 2483 Aquae
263 2445 272 2474 ;
304 2431 441 2484 Qare
459 2431 513 2470 nil
538 2433 681 2473 mirum
698 2431 723 2473 fi
742 2444 894 2474 tantum
909 2450 931 2474 a
948 2449 1042 2476 vero
1066 2438 1299 2478 aberrarunt
1318 2464 1328 2479 ‚
1364 2450 1409 2477 ut
1425 2439 1557 2479 Limus
1570 2466 1581 2482 2

106 2489 174 2541 qui
192 2501 280 2542 pars
300 2486 371 2528 effe
401 2486 498 2530 solet
515 2488 649 2530 saltem
673 2490 994 2548 decimaseptima
1023 2495 1061 2534 in
1079 2508 1179 2550 aqua
1197 2493 1354 2535 turbida
1372 2493 1585 2536 fluviorum

908 2551 952 2590 M
983 2564 1006 2590 2
1467 2567 1587 2594 exun-
