<?xml version="1.0" encoding="UTF-8"?>
<!DOCTYPE html PUBLIC "-//W3C//DTD XHTML 1.0 Transitional//EN"
    "http://www.w3.org/TR/xhtml1/DTD/xhtml1-transitional.dtd">
<html xmlns="http://www.w3.org/1999/xhtml" xml:lang="en" lang="en">
 <head>
  <title>
</title>
<meta http-equiv="Content-Type" content="text/html;charset=utf-8" />
  <meta name='ocr-system' content='tesseract 3.04.00' />
  <meta name='ocr-capabilities' content='ocr_page ocr_carea ocr_par ocr_line ocrx_word'/>
</head>
<body>
  <div class='ocr_page' id='page_1' title='image "./janiplanciarimin00bian_0045.png"; bbox 0 0 1814 2902; ppageno 0'>
   <div class='ocr_carea' id='block_1_1' title="bbox 545 195 1579 249">
    <p class='ocr_par' dir='ltr' id='par_1_1' title="bbox 545 195 1579 249">
     <span class='ocr_line' id='line_1_1' title="bbox 545 195 1579 249; baseline -0.002 -9"><span class='ocrx_word' id='word_1_1' title='bbox 545 197 830 240; x_wconf 81' lang='lat' dir='ltr'><strong>MINVS</strong></span> <span class='ocrx_word' id='word_1_2' title='bbox 885 195 1162 240; x_wconf 79' lang='lat' dir='ltr'><strong>N0T13</strong></span> <span class='ocrx_word' id='word_1_3' title='bbox 1526 209 1579 249; x_wconf 81' lang='lat'>37</span> 
     </span>
    </p>
   </div>
   <div class='ocr_carea' id='block_1_2' title="bbox 108 280 1584 2537">
    <p class='ocr_par' dir='ltr' id='par_1_2' title="bbox 108 280 1584 1413">
     <span class='ocr_line' id='line_1_2' title="bbox 149 280 1576 342; baseline -0.006 -14"><span class='ocrx_word' id='word_1_4' title='bbox 149 287 344 342; x_wconf 79' lang='lat' dir='ltr'>reperitur</span> <span class='ocrx_word' id='word_1_5' title='bbox 374 284 480 340; x_wconf 88' lang='lat' dir='ltr'>apud</span> <span class='ocrx_word' id='word_1_6' title='bbox 511 299 581 325; x_wconf 91' lang='lat' dir='ltr'>nos</span> <span class='ocrx_word' id='word_1_7' title='bbox 612 284 707 326; x_wconf 90' lang='lat' dir='ltr'>licet</span> <span class='ocrx_word' id='word_1_8' title='bbox 720 299 811 325; x_wconf 87' lang='lat' dir='ltr'>raro</span> <span class='ocrx_word' id='word_1_9' title='bbox 825 286 978 324; x_wconf 90' lang='lat' dir='ltr'>Cancer</span> <span class='ocrx_word' id='word_1_10' title='bbox 1005 284 1102 324; x_wconf 89' lang='lat' dir='ltr'>alius</span> <span class='ocrx_word' id='word_1_11' title='bbox 1132 282 1301 324; x_wconf 43' lang='lat' dir='ltr'>hirsutus*</span> <span class='ocrx_word' id='word_1_12' title='bbox 1328 280 1468 327; x_wconf 84' lang='lat' dir='ltr'>valde,</span> <span class='ocrx_word' id='word_1_13' title='bbox 1498 294 1576 320; x_wconf 84' lang='lat' dir='ltr'>ma-</span> 
     </span>
     <span class='ocr_line' id='line_1_3' title="bbox 147 336 1579 398; baseline -0.004 -15"><span class='ocrx_word' id='word_1_14' title='bbox 147 357 244 397; x_wconf 87' lang='lat' dir='ltr'>gnus</span> <span class='ocrx_word' id='word_1_15' title='bbox 263 371 271 386; x_wconf 87' lang='lat'>‚</span> <span class='ocrx_word' id='word_1_16' title='bbox 291 341 470 398; x_wconf 81' lang='lat' dir='ltr'><strong>globosus</strong></span> <span class='ocrx_word' id='word_1_17' title='bbox 487 369 496 385; x_wconf 91' lang='lat'><strong>,</strong></span> <span class='ocrx_word' id='word_1_18' title='bbox 514 343 644 395; x_wconf 86' lang='lat' dir='ltr'>niger,</span> <span class='ocrx_word' id='word_1_19' title='bbox 661 352 779 394; x_wconf 88' lang='lat' dir='ltr'>atque</span> <span class='ocrx_word' id='word_1_20' title='bbox 795 349 884 380; x_wconf 91' lang='lat' dir='ltr'>toto</span> <span class='ocrx_word' id='word_1_21' title='bbox 898 353 1069 393; x_wconf 90' lang='lat' dir='ltr'>corpore</span> <span class='ocrx_word' id='word_1_22' title='bbox 1087 340 1268 380; x_wconf 87' lang='lat' dir='ltr'>horridus</span> <span class='ocrx_word' id='word_1_23' title='bbox 1285 367 1295 389; x_wconf 61' lang='lat'><em>2</em></span> <span class='ocrx_word' id='word_1_24' title='bbox 1313 353 1428 392; x_wconf 87' lang='lat' dir='ltr'>quem</span> <span class='ocrx_word' id='word_1_25' title='bbox 1447 336 1579 377; x_wconf 75' lang='lat' dir='ltr'>nescio</span> 
     </span>
     <span class='ocr_line' id='line_1_4' title="bbox 149 392 1580 450; baseline -0.004 -11"><span class='ocrx_word' id='word_1_26' title='bbox 149 414 199 439; x_wconf 85' lang='lat' dir='ltr'>an</span> <span class='ocrx_word' id='word_1_27' title='bbox 217 399 361 440; x_wconf 88' lang='lat' dir='ltr'>Vrsum</span> <span class='ocrx_word' id='word_1_28' title='bbox 377 430 388 445; x_wconf 91' lang='lat'>‚</span> <span class='ocrx_word' id='word_1_29' title='bbox 415 397 492 439; x_wconf 80' lang='lat' dir='ltr'>slve</span> <span class='ocrx_word' id='word_1_30' title='bbox 508 398 659 438; x_wconf 85' lang='lat' dir='ltr'>Malum</span> <span class='ocrx_word' id='word_1_31' title='bbox 690 397 877 450; x_wconf 85' lang='lat' dir='ltr'>punicum</span> <span class='ocrx_word' id='word_1_32' title='bbox 893 395 1125 440; x_wconf 84' lang='lat' dir='ltr'>Rondeletii</span> <span class='ocrx_word' id='word_1_33' title='bbox 1139 396 1268 436; x_wconf 84' lang='lat' dir='ltr'>dicam</span> <span class='ocrx_word' id='word_1_34' title='bbox 1283 426 1292 434; x_wconf 93' lang='lat'><strong>.</strong></span> <span class='ocrx_word' id='word_1_35' title='bbox 1320 392 1516 435; x_wconf 88' lang='lat' dir='ltr'>Globosus</span> <span class='ocrx_word' id='word_1_36' title='bbox 1545 408 1580 434; x_wconf 65' lang='lat' dir='ltr'>e*-</span> 
     </span>
     <span class='ocr_line' id='line_1_5' title="bbox 147 450 1582 509; baseline -0.003 -15"><span class='ocrx_word' id='word_1_37' title='bbox 147 457 230 496; x_wconf 71' lang='lat' dir='ltr'>ni‘m</span> <span class='ocrx_word' id='word_1_38' title='bbox 245 455 299 496; x_wconf 90' lang='lat' dir='ltr'>est</span> <span class='ocrx_word' id='word_1_39' title='bbox 327 458 545 509; x_wconf 84' lang='lat' dir='ltr'>&amp;magnus</span> <span class='ocrx_word' id='word_1_40' title='bbox 575 464 620 494; x_wconf 88' lang='lat' dir='ltr'>ut</span> <span class='ocrx_word' id='word_1_41' title='bbox 635 453 786 494; x_wconf 89' lang='lat' dir='ltr'>Malum</span> <span class='ocrx_word' id='word_1_42' title='bbox 814 453 1003 508; x_wconf 89' lang='lat' dir='ltr'>punicum</span> <span class='ocrx_word' id='word_1_43' title='bbox 1033 450 1175 498; x_wconf 78' lang='lat' dir='ltr'>referre</span> <span class='ocrx_word' id='word_1_44' title='bbox 1203 452 1407 493; x_wconf 84' lang='lat' dir='ltr'>videatur.</span> <span class='ocrx_word' id='word_1_45' title='bbox 1439 453 1582 491; x_wconf 87' lang='lat' dir='ltr'>Secun-</span> 
     </span>
     <span class='ocr_line' id='line_1_6' title="bbox 147 507 1584 564; baseline -0.004 -12"><span class='ocrx_word' id='word_1_46' title='bbox 147 512 200 552; x_wconf 91' lang='lat' dir='ltr'>do</span> <span class='ocrx_word' id='word_1_47' title='bbox 216 512 309 552; x_wconf 93' lang='lat' dir='ltr'>loco</span> <span class='ocrx_word' id='word_1_48' title='bbox 325 512 488 551; x_wconf 82' lang='lat' dir='ltr'>veniunt</span> <span class='ocrx_word' id='word_1_49' title='bbox 504 507 798 564; x_wconf 81' lang='lat' dir='ltr'>frequentissimi</span> <span class='ocrx_word' id='word_1_50' title='bbox 813 509 916 564; x_wconf 85' lang='lat' dir='ltr'>apud</span> <span class='ocrx_word' id='word_1_51' title='bbox 933 522 1002 548; x_wconf 93' lang='lat' dir='ltr'>nos</span> <span class='ocrx_word' id='word_1_52' title='bbox 1017 510 1164 549; x_wconf 87' lang='lat' dir='ltr'>Cancri</span> <span class='ocrx_word' id='word_1_53' title='bbox 1185 508 1244 548; x_wconf 89' lang='lat' dir='ltr'>illi</span> <span class='ocrx_word' id='word_1_54' title='bbox 1260 509 1427 561; x_wconf 83' lang='lat' dir='ltr'>majores</span> <span class='ocrx_word' id='word_1_55' title='bbox 1442 534 1453 550; x_wconf 84' lang='lat'>‚</span> <span class='ocrx_word' id='word_1_56' title='bbox 1484 520 1584 560; x_wconf 88' lang='lat' dir='ltr'>quo-</span> 
     </span>
     <span class='ocr_line' id='line_1_7' title="bbox 150 564 1583 618; baseline -0.004 -10"><span class='ocrx_word' id='word_1_57' title='bbox 150 582 238 608; x_wconf 87' lang='lat' dir='ltr'>rum</span> <span class='ocrx_word' id='word_1_58' title='bbox 267 568 433 609; x_wconf 87' lang='lat' dir='ltr'>feminae</span> <span class='ocrx_word' id='word_1_59' title='bbox 464 565 602 607; x_wconf 84' lang='lat' dir='ltr'>nostris</span> <span class='ocrx_word' id='word_1_60' title='bbox 629 567 841 607; x_wconf 85' lang='lat' dir='ltr'>&amp;Venetis</span> <span class='ocrx_word' id='word_1_61' title='bbox 869 565 1059 606; x_wconf 82' lang='lat' dir='ltr'>Granceole</span> <span class='ocrx_word' id='word_1_62' title='bbox 1086 564 1296 608; x_wconf 88' lang='lat' dir='ltr'>dicuntur,</span> <span class='ocrx_word' id='word_1_63' title='bbox 1326 578 1426 618; x_wconf 85' lang='lat' dir='ltr'>quae</span> <span class='ocrx_word' id='word_1_64' title='bbox 1448 564 1489 603; x_wconf 91' lang='lat' dir='ltr'>in</span> <span class='ocrx_word' id='word_1_65' title='bbox 1518 576 1583 603; x_wconf 82' lang='lat' dir='ltr'>ex-</span> 
     </span>
     <span class='ocr_line' id='line_1_8' title="bbox 151 618 1581 677; baseline -0.005 -12"><span class='ocrx_word' id='word_1_66' title='bbox 151 627 353 665; x_wconf 89' lang='lat' dir='ltr'>tremitate</span> <span class='ocrx_word' id='word_1_67' title='bbox 384 624 532 664; x_wconf 82' lang='lat' dir='ltr'>caudae</span> <span class='ocrx_word' id='word_1_68' title='bbox 557 625 625 665; x_wconf 91' lang='lat' dir='ltr'>ubi</span> <span class='ocrx_word' id='word_1_69' title='bbox 653 638 732 664; x_wconf 85' lang='lat' dir='ltr'>ova</span> <span class='ocrx_word' id='word_1_70' title='bbox 757 620 905 677; x_wconf 88' lang='lat' dir='ltr'>gestant</span> <span class='ocrx_word' id='word_1_71' title='bbox 932 648 944 664; x_wconf 84' lang='lat'><em>,</em></span> <span class='ocrx_word' id='word_1_72' title='bbox 983 619 1214 675; x_wconf 85' lang='lat' dir='ltr'>personatae</span> <span class='ocrx_word' id='word_1_73' title='bbox 1248 621 1292 661; x_wconf 71' lang='grc' dir='ltr'>δε</span> <span class='ocrx_word' id='word_1_74' title='bbox 1320 618 1422 675; x_wconf 84' lang='lat' dir='ltr'>ipsae</span> <span class='ocrx_word' id='word_1_75' title='bbox 1447 651 1455 659; x_wconf 89' lang='lat'><strong><em>.</em></strong></span> <span class='ocrx_word' id='word_1_76' title='bbox 1501 618 1581 659; x_wconf 86' lang='lat' dir='ltr'>Has</span> 
     </span>
     <span class='ocr_line' id='line_1_9' title="bbox 145 676 1583 732; baseline -0.002 -12"><span class='ocrx_word' id='word_1_77' title='bbox 145 680 426 723; x_wconf 80' lang='lat' dir='ltr'>Aldrovandus</span> <span class='ocrx_word' id='word_1_78' title='bbox 442 682 618 720; x_wconf 89' lang='lat' dir='ltr'>Cancros</span> <span class='ocrx_word' id='word_1_79' title='bbox 635 681 760 732; x_wconf 88' lang='lat' dir='ltr'>Majas</span> <span class='ocrx_word' id='word_1_80' title='bbox 776 706 787 721; x_wconf 89' lang='lat'>‚</span> <span class='ocrx_word' id='word_1_81' title='bbox 816 677 878 719; x_wconf 89' lang='lat' dir='ltr'>seu</span> <span class='ocrx_word' id='word_1_82' title='bbox 896 678 1069 732; x_wconf 86' lang='lat' dir='ltr'>Paguros</span> <span class='ocrx_word' id='word_1_83' title='bbox 1085 676 1241 719; x_wconf 87' lang='lat' dir='ltr'>secundi</span> <span class='ocrx_word' id='word_1_84' title='bbox 1258 678 1406 732; x_wconf 85' lang='lat' dir='ltr'>generis</span> <span class='ocrx_word' id='word_1_85' title='bbox 1427 677 1583 718; x_wconf 85' lang='lat' dir='ltr'>vocita-</span> 
     </span>
     <span class='ocr_line' id='line_1_10' title="bbox 145 734 1581 791; baseline -0.004 -12"><span class='ocrx_word' id='word_1_86' title='bbox 145 739 227 779; x_wconf 88' lang='lat' dir='ltr'>vit.</span> <span class='ocrx_word' id='word_1_87' title='bbox 258 738 316 778; x_wconf 84' lang='lat' dir='ltr'>At</span> <span class='ocrx_word' id='word_1_88' title='bbox 331 738 503 790; x_wconf 84' lang='lat' dir='ltr'>Pagurus</span> <span class='ocrx_word' id='word_1_89' title='bbox 536 736 646 776; x_wconf 87' lang='lat' dir='ltr'>nobis</span> <span class='ocrx_word' id='word_1_90' title='bbox 674 734 748 778; x_wconf 84' lang='lat' dir='ltr'>est,</span> <span class='ocrx_word' id='word_1_91' title='bbox 779 735 906 789; x_wconf 85' lang='lat' dir='ltr'>qui&amp;</span> <span class='ocrx_word' id='word_1_92' title='bbox 921 736 1159 791; x_wconf 76' lang='lat' dir='ltr'>Granciporro</span> <span class='ocrx_word' id='word_1_93' title='bbox 1175 765 1186 781; x_wconf 91' lang='lat'>‚</span> <span class='ocrx_word' id='word_1_94' title='bbox 1215 736 1369 775; x_wconf 80' lang='lat' dir='ltr'>Cancer</span> <span class='ocrx_word' id='word_1_95' title='bbox 1386 734 1482 774; x_wconf 87' lang='lat' dir='ltr'>alius</span> <span class='ocrx_word' id='word_1_96' title='bbox 1499 747 1581 773; x_wconf 87' lang='lat' dir='ltr'>non</span> 
     </span>
     <span class='ocr_line' id='line_1_11' title="bbox 146 789 1579 847; baseline -0.003 -13"><span class='ocrx_word' id='word_1_97' title='bbox 146 796 202 834; x_wconf 88' lang='lat' dir='ltr'>ita</span> <span class='ocrx_word' id='word_1_98' title='bbox 218 790 380 847; x_wconf 82' lang='lat' dir='ltr'>magnus</span> <span class='ocrx_word' id='word_1_99' title='bbox 398 823 408 838; x_wconf 92' lang='lat'>‚</span> <span class='ocrx_word' id='word_1_100' title='bbox 439 793 509 847; x_wconf 90' lang='lat' dir='ltr'>qui</span> <span class='ocrx_word' id='word_1_101' title='bbox 536 789 666 832; x_wconf 80' lang='lat' dir='ltr'>similis</span> <span class='ocrx_word' id='word_1_102' title='bbox 697 791 812 832; x_wconf 89' lang='lat' dir='ltr'>valde</span> <span class='ocrx_word' id='word_1_103' title='bbox 827 791 880 831; x_wconf 88' lang='lat' dir='ltr'>est</span> <span class='ocrx_word' id='word_1_104' title='bbox 895 793 1055 832; x_wconf 83' lang='lat' dir='ltr'>Cancro</span> <span class='ocrx_word' id='word_1_105' title='bbox 1086 791 1293 836; x_wconf 84' lang='lat' dir='ltr'>fluviatili,</span> <span class='ocrx_word' id='word_1_106' title='bbox 1328 789 1391 830; x_wconf 87' lang='lat' dir='ltr'>sed</span> <span class='ocrx_word' id='word_1_107' title='bbox 1423 792 1579 842; x_wconf 85' lang='lat' dir='ltr'>major,</span> 
     </span>
     <span class='ocr_line' id='line_1_12' title="bbox 144 845 1581 904; baseline -0.003 -13"><span class='ocrx_word' id='word_1_108' title='bbox 144 849 267 891; x_wconf 77' lang='lat' dir='ltr'>flavus</span> <span class='ocrx_word' id='word_1_109' title='bbox 298 854 342 890; x_wconf 86' lang='lat'>&amp;</span> <span class='ocrx_word' id='word_1_110' title='bbox 371 850 487 890; x_wconf 87' lang='lat' dir='ltr'>ruber</span> <span class='ocrx_word' id='word_1_111' title='bbox 502 859 620 903; x_wconf 85' lang='lat' dir='ltr'>atque</span> <span class='ocrx_word' id='word_1_112' title='bbox 637 849 792 904; x_wconf 68' lang='lat' dir='ltr'>pundfis</span> <span class='ocrx_word' id='word_1_113' title='bbox 817 849 936 904; x_wconf 85' lang='lat' dir='ltr'>nigris</span> <span class='ocrx_word' id='word_1_114' title='bbox 965 858 1123 889; x_wconf 90' lang='lat' dir='ltr'>notatus</span> <span class='ocrx_word' id='word_1_115' title='bbox 1155 880 1163 887; x_wconf 95' lang='lat'><strong><em>.</em></strong></span> <span class='ocrx_word' id='word_1_116' title='bbox 1193 847 1298 888; x_wconf 88' lang='lat' dir='ltr'>Huic</span> <span class='ocrx_word' id='word_1_117' title='bbox 1314 845 1581 889; x_wconf 84' lang='lat' dir='ltr'>valde-affinis</span> 
     </span>
     <span class='ocr_line' id='line_1_13' title="bbox 145 902 1582 961; baseline -0.003 -13"><span class='ocrx_word' id='word_1_118' title='bbox 145 906 200 948; x_wconf 88' lang='lat' dir='ltr'>est</span> <span class='ocrx_word' id='word_1_119' title='bbox 215 908 370 948; x_wconf 86' lang='lat' dir='ltr'>Cancer</span> <span class='ocrx_word' id='word_1_120' title='bbox 398 905 493 946; x_wconf 87' lang='lat' dir='ltr'>alius</span> <span class='ocrx_word' id='word_1_121' title='bbox 510 905 690 961; x_wconf 89' lang='lat' dir='ltr'>subniger</span> <span class='ocrx_word' id='word_1_122' title='bbox 706 933 718 948; x_wconf 88' lang='lat'>‚</span> <span class='ocrx_word' id='word_1_123' title='bbox 748 904 814 946; x_wconf 85' lang='lat' dir='ltr'>sed</span> <span class='ocrx_word' id='word_1_124' title='bbox 831 906 982 946; x_wconf 90' lang='lat' dir='ltr'>cortice</span> <span class='ocrx_word' id='word_1_125' title='bbox 998 905 1195 959; x_wconf 86' lang='lat' dir='ltr'>quadrato</span> <span class='ocrx_word' id='word_1_126' title='bbox 1213 933 1220 941; x_wconf 88' lang='lat'><strong><em>.</em></strong></span> <span class='ocrx_word' id='word_1_127' title='bbox 1251 904 1330 944; x_wconf 92' lang='lat' dir='ltr'>Hic</span> <span class='ocrx_word' id='word_1_128' title='bbox 1362 902 1512 958; x_wconf 88' lang='lat' dir='ltr'><strong>semper</strong></span> <span class='ocrx_word' id='word_1_129' title='bbox 1528 904 1582 944; x_wconf 84' lang='lat' dir='ltr'>al-</span> 
     </span>
     <span class='ocr_line' id='line_1_14' title="bbox 145 961 1583 1018; baseline -0.001 -14"><span class='ocrx_word' id='word_1_130' title='bbox 145 974 235 1004; x_wconf 88' lang='lat' dir='ltr'>tero</span> <span class='ocrx_word' id='word_1_131' title='bbox 253 965 382 1004; x_wconf 89' lang='lat' dir='ltr'>minor</span> <span class='ocrx_word' id='word_1_132' title='bbox 406 961 484 1004; x_wconf 92' lang='lat' dir='ltr'>est.</span> <span class='ocrx_word' id='word_1_133' title='bbox 517 963 661 1018; x_wconf 87' lang='lat' dir='ltr'>Paguri</span> <span class='ocrx_word' id='word_1_134' title='bbox 676 976 809 1003; x_wconf 88' lang='lat' dir='ltr'>revera</span> <span class='ocrx_word' id='word_1_135' title='bbox 825 961 911 1002; x_wconf 90' lang='lat' dir='ltr'>sunt</span> <span class='ocrx_word' id='word_1_136' title='bbox 926 973 1092 1017; x_wconf 84' lang='lat' dir='ltr'>utraque</span> <span class='ocrx_word' id='word_1_137' title='bbox 1119 962 1214 1002; x_wconf 88' lang='lat' dir='ltr'>haec</span> <span class='ocrx_word' id='word_1_138' title='bbox 1237 963 1486 1002; x_wconf 88' lang='lat' dir='ltr'>Cancrorum</span> <span class='ocrx_word' id='word_1_139' title='bbox 1515 975 1583 1016; x_wconf 80' lang='lat' dir='ltr'>ge-</span> 
     </span>
     <span class='ocr_line' id='line_1_15' title="bbox 144 1015 1581 1075; baseline -0.001 -16"><span class='ocrx_word' id='word_1_140' title='bbox 144 1034 238 1061; x_wconf 83' lang='lat' dir='ltr'>nera</span> <span class='ocrx_word' id='word_1_141' title='bbox 256 1048 267 1063; x_wconf 91' lang='lat'>‚</span> <span class='ocrx_word' id='word_1_142' title='bbox 292 1034 414 1075; x_wconf 88' lang='lat' dir='ltr'>quum</span> <span class='ocrx_word' id='word_1_143' title='bbox 429 1017 597 1073; x_wconf 87' lang='lat' dir='ltr'>scopulis</span> <span class='ocrx_word' id='word_1_144' title='bbox 613 1050 625 1065; x_wconf 94' lang='lat'><em>‚</em></span> <span class='ocrx_word' id='word_1_145' title='bbox 654 1017 841 1073; x_wconf 85' lang='lat' dir='ltr'>lignisque</span> <span class='ocrx_word' id='word_1_146' title='bbox 869 1016 1142 1060; x_wconf 86' lang='lat' dir='ltr'>aedificiorum</span> <span class='ocrx_word' id='word_1_147' title='bbox 1167 1020 1462 1060; x_wconf 86' lang='lat' dir='ltr'>maritimorum</span> <span class='ocrx_word' id='word_1_148' title='bbox 1485 1015 1581 1058; x_wconf 90' lang='lat' dir='ltr'>sem-</span> 
     </span>
     <span class='ocr_line' id='line_1_16' title="bbox 145 1074 1582 1131; baseline -0.002 -13"><span class='ocrx_word' id='word_1_149' title='bbox 145 1090 215 1130; x_wconf 85' lang='lat' dir='ltr'>per</span> <span class='ocrx_word' id='word_1_150' title='bbox 247 1076 474 1118; x_wconf 86' lang='lat' dir='ltr'>inhaereant</span> <span class='ocrx_word' id='word_1_151' title='bbox 491 1104 498 1112; x_wconf 87' lang='lat'><strong>·</strong></span> <span class='ocrx_word' id='word_1_152' title='bbox 529 1077 636 1116; x_wconf 87' lang='lat' dir='ltr'>Inter</span> <span class='ocrx_word' id='word_1_153' title='bbox 654 1077 823 1116; x_wconf 88' lang='lat' dir='ltr'>minores</span> <span class='ocrx_word' id='word_1_154' title='bbox 839 1077 1015 1117; x_wconf 87' lang='lat' dir='ltr'>Cancros</span> <span class='ocrx_word' id='word_1_155' title='bbox 1031 1090 1153 1116; x_wconf 89' lang='lat' dir='ltr'>unum</span> <span class='ocrx_word' id='word_1_156' title='bbox 1169 1074 1282 1116; x_wconf 88' lang='lat' dir='ltr'>semel</span> <span class='ocrx_word' id='word_1_157' title='bbox 1306 1077 1440 1116; x_wconf 89' lang='lat' dir='ltr'>inveni</span> <span class='ocrx_word' id='word_1_158' title='bbox 1455 1090 1582 1131; x_wconf 86' lang='lat' dir='ltr'>parvo</span> 
     </span>
     <span class='ocr_line' id='line_1_17' title="bbox 108 1130 1581 1189; baseline -0.001 -17"><span class='ocrx_word' id='word_1_159' title='bbox 108 1175 119 1185; x_wconf 43' lang='lat'><em>⁶</em></span> <span class='ocrx_word' id='word_1_160' title='bbox 144 1147 316 1189; x_wconf 87' lang='lat' dir='ltr'>corpore</span> <span class='ocrx_word' id='word_1_161' title='bbox 331 1163 342 1178; x_wconf 91' lang='lat'><strong><em>,</em></strong></span> <span class='ocrx_word' id='word_1_162' title='bbox 373 1131 436 1173; x_wconf 88' lang='lat' dir='ltr'>sed</span> <span class='ocrx_word' id='word_1_163' title='bbox 464 1130 689 1186; x_wconf 71' lang='lat' dir='ltr'>longissimis</span> <span class='ocrx_word' id='word_1_164' title='bbox 719 1132 881 1186; x_wconf 83' lang='lat' dir='ltr'>pedibus</span> <span class='ocrx_word' id='word_1_165' title='bbox 898 1161 909 1176; x_wconf 94' lang='lat'>‚</span> <span class='ocrx_word' id='word_1_166' title='bbox 940 1144 984 1172; x_wconf 91' lang='lat' dir='ltr'>at</span> <span class='ocrx_word' id='word_1_167' title='bbox 997 1133 1242 1173; x_wconf 89' lang='lat' dir='ltr'>brevioribus</span> <span class='ocrx_word' id='word_1_168' title='bbox 1258 1132 1377 1172; x_wconf 90' lang='lat' dir='ltr'>chelis</span> <span class='ocrx_word' id='word_1_169' title='bbox 1395 1160 1405 1175; x_wconf 82' lang='lat'>‚</span> <span class='ocrx_word' id='word_1_170' title='bbox 1437 1134 1505 1187; x_wconf 89' lang='lat' dir='ltr'>qui</span> <span class='ocrx_word' id='word_1_171' title='bbox 1529 1131 1581 1172; x_wconf 86' lang='lat' dir='ltr'>ad</span> 
     </span>
     <span class='ocr_line' id='line_1_18' title="bbox 142 1187 1580 1243; baseline -0.001 -13"><span class='ocrx_word' id='word_1_172' title='bbox 142 1191 316 1229; x_wconf 89' lang='lat' dir='ltr'>Cancros</span> <span class='ocrx_word' id='word_1_173' title='bbox 334 1190 508 1229; x_wconf 84' lang='lat' dir='ltr'>Araneas</span> <span class='ocrx_word' id='word_1_174' title='bbox 527 1219 537 1234; x_wconf 94' lang='lat'>‚</span> <span class='ocrx_word' id='word_1_175' title='bbox 568 1189 629 1228; x_wconf 89' lang='lat' dir='ltr'>vel</span> <span class='ocrx_word' id='word_1_176' title='bbox 646 1189 695 1228; x_wconf 86' lang='lat' dir='ltr'>ad</span> <span class='ocrx_word' id='word_1_177' title='bbox 713 1187 996 1243; x_wconf 86' lang='lat' dir='ltr'>Brachychelas</span> <span class='ocrx_word' id='word_1_178' title='bbox 1014 1189 1245 1229; x_wconf 86' lang='lat' dir='ltr'>Rondeletii</span> <span class='ocrx_word' id='word_1_179' title='bbox 1267 1187 1402 1229; x_wconf 82' lang='lat' dir='ltr'>referri</span> <span class='ocrx_word' id='word_1_180' title='bbox 1436 1188 1580 1243; x_wconf 76' lang='lat' dir='ltr'>posset-</span> 
     </span>
     <span class='ocr_line' id='line_1_19' title="bbox 141 1245 1581 1300; baseline -0.001 -14"><span class='ocrx_word' id='word_1_181' title='bbox 141 1245 323 1286; x_wconf 85' lang='lat' dir='ltr'>Cancelli</span> <span class='ocrx_word' id='word_1_182' title='bbox 356 1245 461 1300; x_wconf 89' lang='lat' dir='ltr'>apud</span> <span class='ocrx_word' id='word_1_183' title='bbox 478 1260 548 1285; x_wconf 90' lang='lat' dir='ltr'>nos</span> <span class='ocrx_word' id='word_1_184' title='bbox 579 1259 670 1286; x_wconf 86' lang='lat' dir='ltr'>raro</span> <span class='ocrx_word' id='word_1_185' title='bbox 686 1256 929 1285; x_wconf 83' lang='lat' dir='ltr'>occurrunt.</span> <span class='ocrx_word' id='word_1_186' title='bbox 961 1245 1212 1299; x_wconf 86' lang='lat' dir='ltr'>Frequentius</span> <span class='ocrx_word' id='word_1_187' title='bbox 1243 1246 1325 1286; x_wconf 87' lang='lat' dir='ltr'>vidi</span> <span class='ocrx_word' id='word_1_188' title='bbox 1343 1248 1518 1285; x_wconf 80' lang='lat' dir='ltr'>Cancros</span> <span class='ocrx_word' id='word_1_189' title='bbox 1537 1245 1581 1285; x_wconf 89' lang='lat' dir='ltr'>il-</span> 
     </span>
     <span class='ocr_line' id='line_1_20' title="bbox 143 1300 1579 1356; baseline 0 -14"><span class='ocrx_word' id='word_1_190' title='bbox 143 1302 202 1343; x_wconf 90' lang='lat' dir='ltr'>los</span> <span class='ocrx_word' id='word_1_191' title='bbox 212 1303 403 1342; x_wconf 72' lang='lat' dir='ltr'>‘minimos</span> <span class='ocrx_word' id='word_1_192' title='bbox 423 1329 433 1345; x_wconf 93' lang='lat'>‚</span> <span class='ocrx_word' id='word_1_193' title='bbox 465 1302 532 1355; x_wconf 88' lang='lat' dir='ltr'>qui</span> <span class='ocrx_word' id='word_1_194' title='bbox 550 1302 589 1341; x_wconf 91' lang='lat' dir='ltr'>in</span> <span class='ocrx_word' id='word_1_195' title='bbox 605 1300 739 1342; x_wconf 85' lang='lat' dir='ltr'>alienis</span> <span class='ocrx_word' id='word_1_196' title='bbox 754 1300 875 1342; x_wconf 84' lang='lat' dir='ltr'>Testis</span> <span class='ocrx_word' id='word_1_197' title='bbox 895 1303 1037 1343; x_wconf 89' lang='lat' dir='ltr'>vivunt</span> <span class='ocrx_word' id='word_1_198' title='bbox 1053 1332 1064 1348; x_wconf 92' lang='lat'>‚</span> <span class='ocrx_word' id='word_1_199' title='bbox 1088 1302 1137 1343; x_wconf 88' lang='lat' dir='ltr'>de</span> <span class='ocrx_word' id='word_1_200' title='bbox 1153 1303 1294 1356; x_wconf 85' lang='lat' dir='ltr'>quibus</span> <span class='ocrx_word' id='word_1_201' title='bbox 1319 1301 1579 1342; x_wconf 86' lang='lat' dir='ltr'>Rondeletius</span> 
     </span>
     <span class='ocr_line' id='line_1_21' title="bbox 144 1359 631 1413; baseline -0.002 -15"><span class='ocrx_word' id='word_1_202' title='bbox 144 1359 267 1401; x_wconf 90' lang='lat' dir='ltr'>Libro</span> <span class='ocrx_word' id='word_1_203' title='bbox 283 1373 335 1400; x_wconf 83' lang='lat' dir='ltr'>xv</span> <span class='ocrx_word' id='word_1_204' title='bbox 346 1374 359 1400; x_wconf 89' lang='lat'>1</span> <span class='ocrx_word' id='word_1_205' title='bbox 371 1372 387 1399; x_wconf 89' lang='lat'><strong>1</strong></span> <span class='ocrx_word' id='word_1_206' title='bbox 402 1373 432 1399; x_wconf 88' lang='lat'>1.</span> <span class='ocrx_word' id='word_1_207' title='bbox 448 1359 547 1413; x_wconf 84' lang='lat' dir='ltr'>Cap·</span> <span class='ocrx_word' id='word_1_208' title='bbox 566 1371 631 1399; x_wconf 83' lang='lat' dir='ltr'>xv.</span> 
     </span>
    </p>

    <p class='ocr_par' dir='ltr' id='par_1_3' title="bbox 140 1414 1582 2494">
     <span class='ocr_line' id='line_1_22' title="bbox 198 1414 1575 1471; baseline 0 -16"><span class='ocrx_word' id='word_1_209' title='bbox 198 1415 271 1456; x_wconf 86' lang='grc' dir='ltr'>ΙΙΙ.</span> <span class='ocrx_word' id='word_1_210' title='bbox 305 1417 340 1456; x_wconf 91' lang='lat' dir='ltr'>Si</span> <span class='ocrx_word' id='word_1_211' title='bbox 357 1414 568 1455; x_wconf 90' lang='lat' dir='ltr'>methodus</span> <span class='ocrx_word' id='word_1_212' title='bbox 601 1414 732 1468; x_wconf 83' lang='lat' dir='ltr'>aliqua</span> <span class='ocrx_word' id='word_1_213' title='bbox 762 1415 985 1456; x_wconf 88' lang='lat' dir='ltr'>adhibenda</span> <span class='ocrx_word' id='word_1_214' title='bbox 1002 1415 1120 1462; x_wconf 73' lang='lat' dir='ltr'>esset,</span> <span class='ocrx_word' id='word_1_215' title='bbox 1150 1431 1227 1471; x_wconf 85' lang='lat' dir='ltr'>qua</span> <span class='ocrx_word' id='word_1_216' title='bbox 1255 1415 1477 1470; x_wconf 84' lang='lat' dir='ltr'>hujusmodi</span> <span class='ocrx_word' id='word_1_217' title='bbox 1493 1418 1575 1456; x_wconf 84' lang='lat' dir='ltr'>ani-</span> 
     </span>
     <span class='ocr_line' id='line_1_23' title="bbox 144 1471 1576 1516; baseline -0.001 -3"><span class='ocrx_word' id='word_1_218' title='bbox 144 1472 263 1513; x_wconf 82' lang='lat' dir='ltr'>malia</span> <span class='ocrx_word' id='word_1_219' title='bbox 286 1473 330 1512; x_wconf 89' lang='lat' dir='ltr'>in</span> <span class='ocrx_word' id='word_1_220' title='bbox 344 1483 469 1513; x_wconf 85' lang='lat' dir='ltr'>certas</span> <span class='ocrx_word' id='word_1_221' title='bbox 487 1471 644 1512; x_wconf 80' lang='lat' dir='ltr'>Claffeis</span> <span class='ocrx_word' id='word_1_222' title='bbox 662 1471 982 1513; x_wconf 84' lang='lat' dir='ltr'>distribuerentur</span> <span class='ocrx_word' id='word_1_223' title='bbox 998 1500 1008 1516; x_wconf 87' lang='lat'><em>‚</em></span> <span class='ocrx_word' id='word_1_224' title='bbox 1027 1484 1071 1513; x_wconf 87' lang='lat' dir='ltr'>ut</span> <span class='ocrx_word' id='word_1_225' title='bbox 1086 1472 1265 1513; x_wconf 85' lang='lat' dir='ltr'>fecerunt</span> <span class='ocrx_word' id='word_1_226' title='bbox 1281 1474 1461 1513; x_wconf 87' lang='lat' dir='ltr'>Botanici</span> <span class='ocrx_word' id='word_1_227' title='bbox 1489 1472 1576 1512; x_wconf 89' lang='lat' dir='ltr'>her-</span> 
     </span>
     <span class='ocr_line' id='line_1_24' title="bbox 140 1526 1578 1585; baseline -0.001 -15"><span class='ocrx_word' id='word_1_228' title='bbox 140 1530 206 1570; x_wconf 90' lang='lat' dir='ltr'>bas</span> <span class='ocrx_word' id='word_1_229' title='bbox 239 1527 323 1569; x_wconf 80' lang='lat' dir='ltr'>suas</span> <span class='ocrx_word' id='word_1_230' title='bbox 353 1529 454 1569; x_wconf 88' lang='lat' dir='ltr'>duce</span> <span class='ocrx_word' id='word_1_231' title='bbox 467 1526 755 1569; x_wconf 82' lang='lat' dir='ltr'>Tournefortio</span> <span class='ocrx_word' id='word_1_232' title='bbox 786 1559 796 1574; x_wconf 94' lang='lat'><strong><em>,</em></strong></span> <span class='ocrx_word' id='word_1_233' title='bbox 825 1527 1023 1570; x_wconf 88' lang='lat' dir='ltr'>Crustacei</span> <span class='ocrx_word' id='word_1_234' title='bbox 1055 1528 1174 1585; x_wconf 87' lang='lat' dir='ltr'>pisces</span> <span class='ocrx_word' id='word_1_235' title='bbox 1205 1530 1420 1570; x_wconf 85' lang='lat' dir='ltr'>commode</span> <span class='ocrx_word' id='word_1_236' title='bbox 1453 1529 1578 1570; x_wconf 85' lang='lat' dir='ltr'>dividi</span> 
     </span>
     <span class='ocr_line' id='line_1_25' title="bbox 142 1584 1581 1642; baseline -0.001 -15"><span class='ocrx_word' id='word_1_237' title='bbox 142 1584 293 1641; x_wconf 73' lang='lat' dir='ltr'>possent</span> <span class='ocrx_word' id='word_1_238' title='bbox 324 1587 362 1625; x_wconf 89' lang='lat' dir='ltr'>in</span> <span class='ocrx_word' id='word_1_239' title='bbox 376 1585 587 1626; x_wconf 88' lang='lat' dir='ltr'>Rotundos</span> <span class='ocrx_word' id='word_1_240' title='bbox 618 1587 662 1625; x_wconf 88' lang='lat'>&amp;</span> <span class='ocrx_word' id='word_1_241' title='bbox 691 1587 729 1625; x_wconf 88' lang='lat' dir='ltr'>in</span> <span class='ocrx_word' id='word_1_242' title='bbox 747 1587 904 1640; x_wconf 89' lang='lat' dir='ltr'>Longos</span> <span class='ocrx_word' id='word_1_243' title='bbox 924 1614 932 1621; x_wconf 89' lang='lat'><strong>·</strong></span> <span class='ocrx_word' id='word_1_244' title='bbox 961 1587 1147 1626; x_wconf 83' lang='lat' dir='ltr'>Rotundi</span> <span class='ocrx_word' id='word_1_245' title='bbox 1176 1584 1238 1627; x_wconf 87' lang='lat' dir='ltr'>seu</span> <span class='ocrx_word' id='word_1_246' title='bbox 1266 1584 1419 1642; x_wconf 77' lang='lat' dir='ltr'>globosi</span> <span class='ocrx_word' id='word_1_247' title='bbox 1450 1588 1581 1626; x_wconf 89' lang='lat' dir='ltr'>nomi-</span> 
     </span>
     <span class='ocr_line' id='line_1_26' title="bbox 143 1641 1578 1695; baseline -0.001 -12"><span class='ocrx_word' id='word_1_248' title='bbox 143 1657 192 1683; x_wconf 87' lang='lat' dir='ltr'>ne</span> <span class='ocrx_word' id='word_1_249' title='bbox 210 1643 390 1684; x_wconf 82' lang='lat' dir='ltr'>venirent</span> <span class='ocrx_word' id='word_1_250' title='bbox 408 1642 556 1681; x_wconf 83' lang='lat' dir='ltr'>Cancri</span> <span class='ocrx_word' id='word_1_251' title='bbox 572 1655 707 1682; x_wconf 86' lang='lat' dir='ltr'>omnes</span> <span class='ocrx_word' id='word_1_252' title='bbox 726 1669 733 1677; x_wconf 79' lang='lat'><em>.</em></span> <span class='ocrx_word' id='word_1_253' title='bbox 763 1642 959 1695; x_wconf 89' lang='lat' dir='ltr'>Oblongis</span> <span class='ocrx_word' id='word_1_254' title='bbox 976 1658 1071 1683; x_wconf 88' lang='lat' dir='ltr'>vero</span> <span class='ocrx_word' id='word_1_255' title='bbox 1087 1641 1205 1684; x_wconf 85' lang='lat' dir='ltr'>effent</span> <span class='ocrx_word' id='word_1_256' title='bbox 1219 1643 1505 1684; x_wconf 82' lang='lat' dir='ltr'>annumerandi</span> <span class='ocrx_word' id='word_1_257' title='bbox 1522 1645 1578 1682; x_wconf 92' lang='lat' dir='ltr'>A-</span> 
     </span>
     <span class='ocr_line' id='line_1_27' title="bbox 144 1697 1580 1753; baseline 0 -14"><span class='ocrx_word' id='word_1_258' title='bbox 144 1698 235 1739; x_wconf 86' lang='lat' dir='ltr'>staci</span> <span class='ocrx_word' id='word_1_259' title='bbox 256 1730 265 1745; x_wconf 89' lang='lat'>‚</span> <span class='ocrx_word' id='word_1_260' title='bbox 297 1699 498 1738; x_wconf 86' lang='lat' dir='ltr'>Cammari</span> <span class='ocrx_word' id='word_1_261' title='bbox 517 1728 525 1742; x_wconf 90' lang='lat'>‚</span> <span class='ocrx_word' id='word_1_262' title='bbox 557 1697 752 1751; x_wconf 87' lang='lat' dir='ltr'>Squillae,</span> <span class='ocrx_word' id='word_1_263' title='bbox 782 1698 939 1742; x_wconf 85' lang='lat' dir='ltr'>&amp;alia‚</span> <span class='ocrx_word' id='word_1_264' title='bbox 973 1713 1141 1753; x_wconf 90' lang='lat' dir='ltr'>quorum</span> <span class='ocrx_word' id='word_1_265' title='bbox 1171 1702 1323 1741; x_wconf 87' lang='lat' dir='ltr'>varium</span> <span class='ocrx_word' id='word_1_266' title='bbox 1352 1699 1405 1740; x_wconf 87' lang='lat' dir='ltr'>est</span> <span class='ocrx_word' id='word_1_267' title='bbox 1421 1701 1580 1741; x_wconf 81' lang='lat' dir='ltr'>nomen.</span> 
     </span>
     <span class='ocr_line' id='line_1_28' title="bbox 143 1753 1578 1799; baseline 0.002 -3"><span class='ocrx_word' id='word_1_268' title='bbox 143 1754 276 1796; x_wconf 84' lang='lat' dir='ltr'>Nostri</span> <span class='ocrx_word' id='word_1_269' title='bbox 300 1754 460 1795; x_wconf 82' lang='lat' dir='ltr'>instituti</span> <span class='ocrx_word' id='word_1_270' title='bbox 491 1754 613 1794; x_wconf 88' lang='lat' dir='ltr'>modo</span> <span class='ocrx_word' id='word_1_271' title='bbox 631 1769 713 1794; x_wconf 90' lang='lat' dir='ltr'>non</span> <span class='ocrx_word' id='word_1_272' title='bbox 742 1753 796 1794; x_wconf 88' lang='lat' dir='ltr'>est</span> <span class='ocrx_word' id='word_1_273' title='bbox 816 1754 1115 1796; x_wconf 85' lang='lat' dir='ltr'>Crustaceorum</span> <span class='ocrx_word' id='word_1_274' title='bbox 1144 1756 1376 1797; x_wconf 86' lang='lat' dir='ltr'>methodum</span> <span class='ocrx_word' id='word_1_275' title='bbox 1407 1757 1578 1799; x_wconf 48' lang='lat' dir='ltr'>dare),</span> 
     </span>
     <span class='ocr_line' id='line_1_29' title="bbox 142 1809 1582 1866; baseline 0.001 -14"><span class='ocrx_word' id='word_1_276' title='bbox 142 1813 272 1860; x_wconf 80' lang='lat' dir='ltr'>multo</span> <span class='ocrx_word' id='word_1_277' title='bbox 303 1813 428 1851; x_wconf 87' lang='lat' dir='ltr'>minus</span> <span class='ocrx_word' id='word_1_278' title='bbox 457 1824 595 1850; x_wconf 90' lang='lat' dir='ltr'>eorum</span> <span class='ocrx_word' id='word_1_279' title='bbox 615 1809 815 1851; x_wconf 89' lang='lat' dir='ltr'>historiam</span> <span class='ocrx_word' id='word_1_280' title='bbox 832 1810 1022 1852; x_wconf 87' lang='lat' dir='ltr'>scribere.</span> <span class='ocrx_word' id='word_1_281' title='bbox 1054 1813 1201 1866; x_wconf 85' lang='lat' dir='ltr'>Aliqua</span> <span class='ocrx_word' id='word_1_282' title='bbox 1230 1824 1361 1853; x_wconf 87' lang='lat' dir='ltr'>tamen</span> <span class='ocrx_word' id='word_1_283' title='bbox 1378 1844 1388 1858; x_wconf 87' lang='lat'><em>,</em></span> <span class='ocrx_word' id='word_1_284' title='bbox 1414 1816 1512 1854; x_wconf 90' lang='lat' dir='ltr'>utin</span> <span class='ocrx_word' id='word_1_285' title='bbox 1527 1813 1582 1854; x_wconf 84' lang='lat' dir='ltr'>su-</span> 
     </span>
     <span class='ocr_line' id='line_1_30' title="bbox 145 1866 1579 1926; baseline 0.001 -17"><span class='ocrx_word' id='word_1_286' title='bbox 145 1869 364 1923; x_wconf 77' lang='lat' dir='ltr'>perioribus</span> <span class='ocrx_word' id='word_1_287' title='bbox 397 1867 497 1913; x_wconf 89' lang='lat' dir='ltr'>feci,</span> <span class='ocrx_word' id='word_1_288' title='bbox 529 1869 572 1908; x_wconf 70' lang='grc' dir='ltr'>ἃ</span> <span class='ocrx_word' id='word_1_289' title='bbox 591 1866 676 1907; x_wconf 92' lang='lat' dir='ltr'>heic</span> <span class='ocrx_word' id='word_1_290' title='bbox 706 1882 755 1908; x_wconf 81' lang='lat' dir='ltr'>ex</span> <span class='ocrx_word' id='word_1_291' title='bbox 785 1866 961 1908; x_wconf 88' lang='lat' dir='ltr'>crustatis</span> <span class='ocrx_word' id='word_1_292' title='bbox 977 1868 1160 1922; x_wconf 85' lang='lat' dir='ltr'>oblongis</span> <span class='ocrx_word' id='word_1_293' title='bbox 1191 1870 1422 1910; x_wconf 85' lang='lat' dir='ltr'>memorabo</span> <span class='ocrx_word' id='word_1_294' title='bbox 1440 1901 1449 1915; x_wconf 88' lang='lat'>‚</span> <span class='ocrx_word' id='word_1_295' title='bbox 1479 1885 1579 1926; x_wconf 79' lang='lat' dir='ltr'>quae</span> 
     </span>
     <span class='ocr_line' id='line_1_31' title="bbox 147 1923 1580 1980; baseline 0.001 -15"><span class='ocrx_word' id='word_1_296' title='bbox 147 1926 252 1980; x_wconf 82' lang='lat' dir='ltr'>apud</span> <span class='ocrx_word' id='word_1_297' title='bbox 271 1939 339 1965; x_wconf 85' lang='lat' dir='ltr'>nos</span> <span class='ocrx_word' id='word_1_298' title='bbox 356 1935 573 1964; x_wconf 84' lang='lat' dir='ltr'>occurrunt</span> <span class='ocrx_word' id='word_1_299' title='bbox 589 1955 597 1962; x_wconf 91' lang='lat'><strong>.</strong></span> <span class='ocrx_word' id='word_1_300' title='bbox 628 1925 761 1964; x_wconf 90' lang='lat' dir='ltr'>Primo</span> <span class='ocrx_word' id='word_1_301' title='bbox 790 1924 883 1965; x_wconf 94' lang='lat' dir='ltr'>loco</span> <span class='ocrx_word' id='word_1_302' title='bbox 913 1923 965 1964; x_wconf 88' lang='lat' dir='ltr'>est</span> <span class='ocrx_word' id='word_1_303' title='bbox 980 1924 1129 1979; x_wconf 86' lang='lat' dir='ltr'>Squilla</span> <span class='ocrx_word' id='word_1_304' title='bbox 1145 1927 1292 1967; x_wconf 91' lang='lat' dir='ltr'>Mantis</span> <span class='ocrx_word' id='word_1_305' title='bbox 1323 1925 1580 1980; x_wconf 59' lang='lat' dir='ltr'>frequientiffi-</span> 
     </span>
     <span class='ocr_line' id='line_1_32' title="bbox 145 1981 1582 2039; baseline 0 -17"><span class='ocrx_word' id='word_1_306' title='bbox 145 1997 210 2022; x_wconf 88' lang='lat' dir='ltr'>ma</span> <span class='ocrx_word' id='word_1_307' title='bbox 228 2010 236 2024; x_wconf 87' lang='lat'><em>‚</em></span> <span class='ocrx_word' id='word_1_308' title='bbox 268 1981 400 2021; x_wconf 81' lang='lat' dir='ltr'>Nocchi</span> <span class='ocrx_word' id='word_1_309' title='bbox 418 2008 429 2024; x_wconf 81' lang='lat'>‚</span> <span class='ocrx_word' id='word_1_310' title='bbox 459 1981 683 2023; x_wconf 83' lang='lat' dir='ltr'>Cannocchi‚</span> <span class='ocrx_word' id='word_1_311' title='bbox 714 1981 757 2019; x_wconf 74' lang='grc' dir='ltr'>ὃ(</span> <span class='ocrx_word' id='word_1_312' title='bbox 787 1982 996 2035; x_wconf 73' lang='lat' dir='ltr'>Sparnocchi</span> <span class='ocrx_word' id='word_1_313' title='bbox 1022 1981 1129 2022; x_wconf 84' lang='lat' dir='ltr'>Italis</span> <span class='ocrx_word' id='word_1_314' title='bbox 1160 1983 1292 2023; x_wconf 55' lang='lat' dir='ltr'>diera.</span> <span class='ocrx_word' id='word_1_315' title='bbox 1321 1982 1444 2037; x_wconf 87' lang='lat' dir='ltr'>Hujus</span> <span class='ocrx_word' id='word_1_316' title='bbox 1473 1985 1582 2039; x_wconf 54' lang='lat' dir='ltr'>capi-⁴</span> 
     </span>
     <span class='ocr_line' id='line_1_33' title="bbox 152 2035 1580 2092; baseline 0.001 -14"><span class='ocrx_word' id='word_1_317' title='bbox 152 2050 213 2078; x_wconf 83' lang='lat' dir='ltr'>tur</span> <span class='ocrx_word' id='word_1_318' title='bbox 231 2035 415 2078; x_wconf 77' lang='lat' dir='ltr'>immensa</span> <span class='ocrx_word' id='word_1_319' title='bbox 446 2038 502 2077; x_wconf 82' lang='lat' dir='ltr'>vis</span> <span class='ocrx_word' id='word_1_320' title='bbox 534 2037 639 2091; x_wconf 85' lang='lat' dir='ltr'>apud</span> <span class='ocrx_word' id='word_1_321' title='bbox 669 2051 765 2077; x_wconf 91' lang='lat' dir='ltr'>nos.</span> <span class='ocrx_word' id='word_1_322' title='bbox 795 2039 878 2078; x_wconf 85' lang='lat' dir='ltr'>Hae</span> <span class='ocrx_word' id='word_1_323' title='bbox 907 2039 1001 2078; x_wconf 87' lang='lat' dir='ltr'>item</span> <span class='ocrx_word' id='word_1_324' title='bbox 1029 2038 1198 2092; x_wconf 85' lang='lat' dir='ltr'>Squillae</span> <span class='ocrx_word' id='word_1_325' title='bbox 1219 2055 1300 2080; x_wconf 89' lang='lat' dir='ltr'>non</span> <span class='ocrx_word' id='word_1_326' title='bbox 1318 2051 1400 2081; x_wconf 89' lang='lat' dir='ltr'>tam</span> <span class='ocrx_word' id='word_1_327' title='bbox 1416 2041 1484 2082; x_wconf 93' lang='lat' dir='ltr'>vili</span> <span class='ocrx_word' id='word_1_328' title='bbox 1513 2041 1580 2081; x_wconf 81' lang='lat' dir='ltr'>ha-</span> 
     </span>
     <span class='ocr_line' id='line_1_34' title="bbox 150 2092 1582 2152; baseline 0.002 -17"><span class='ocrx_word' id='word_1_329' title='bbox 150 2096 292 2135; x_wconf 88' lang='lat' dir='ltr'>bentur</span> <span class='ocrx_word' id='word_1_330' title='bbox 308 2125 318 2140; x_wconf 93' lang='lat'><em>‚</em></span> <span class='ocrx_word' id='word_1_331' title='bbox 351 2106 396 2134; x_wconf 89' lang='lat' dir='ltr'>ut</span> <span class='ocrx_word' id='word_1_332' title='bbox 411 2095 556 2134; x_wconf 83' lang='lat' dir='ltr'>Cancri</span> <span class='ocrx_word' id='word_1_333' title='bbox 572 2121 582 2136; x_wconf 87' lang='lat'>‚</span> <span class='ocrx_word' id='word_1_334' title='bbox 607 2092 835 2149; x_wconf 86' lang='lat' dir='ltr'>praesertim</span> <span class='ocrx_word' id='word_1_335' title='bbox 859 2109 993 2135; x_wconf 87' lang='lat' dir='ltr'>earum</span> <span class='ocrx_word' id='word_1_336' title='bbox 1008 2094 1175 2136; x_wconf 78' lang='lat' dir='ltr'>feminae</span> <span class='ocrx_word' id='word_1_337' title='bbox 1205 2097 1366 2152; x_wconf 87' lang='lat' dir='ltr'>quando</span> <span class='ocrx_word' id='word_1_338' title='bbox 1396 2113 1486 2138; x_wconf 88' lang='lat' dir='ltr'>cum</span> <span class='ocrx_word' id='word_1_339' title='bbox 1504 2096 1582 2138; x_wconf 83' lang='lat' dir='ltr'>fce-</span> 
     </span>
     <span class='ocr_line' id='line_1_35' title="bbox 146 2150 1581 2206; baseline 0.003 -15"><span class='ocrx_word' id='word_1_340' title='bbox 146 2162 190 2192; x_wconf 90' lang='lat' dir='ltr'>tu</span> <span class='ocrx_word' id='word_1_341' title='bbox 210 2151 315 2192; x_wconf 89' lang='lat' dir='ltr'>sunt.</span> <span class='ocrx_word' id='word_1_342' title='bbox 347 2152 459 2193; x_wconf 86' lang='lat' dir='ltr'>Tunc</span> <span class='ocrx_word' id='word_1_343' title='bbox 487 2152 590 2191; x_wconf 89' lang='lat' dir='ltr'>enim</span> <span class='ocrx_word' id='word_1_344' title='bbox 618 2150 704 2206; x_wconf 90' lang='lat' dir='ltr'>post</span> <span class='ocrx_word' id='word_1_345' title='bbox 720 2150 873 2192; x_wconf 87' lang='lat' dir='ltr'>Ostreas</span> <span class='ocrx_word' id='word_1_346' title='bbox 902 2153 941 2191; x_wconf 90' lang='lat' dir='ltr'>in</span> <span class='ocrx_word' id='word_1_347' title='bbox 963 2150 1096 2192; x_wconf 73' lang='lat' dir='ltr'>mensis</span> <span class='ocrx_word' id='word_1_348' title='bbox 1127 2155 1270 2206; x_wconf 87' lang='lat' dir='ltr'>primas</span> <span class='ocrx_word' id='word_1_349' title='bbox 1303 2165 1459 2194; x_wconf 86' lang='lat' dir='ltr'>tenent.</span> <span class='ocrx_word' id='word_1_350' title='bbox 1490 2153 1581 2195; x_wconf 90' lang='lat' dir='ltr'>Post</span> 
     </span>
     <span class='ocr_line' id='line_1_36' title="bbox 151 2206 1579 2267; baseline 0.002 -18"><span class='ocrx_word' id='word_1_351' title='bbox 151 2210 314 2249; x_wconf 79' lang='lat' dir='ltr'>veniunt</span> <span class='ocrx_word' id='word_1_352' title='bbox 342 2206 512 2262; x_wconf 84' lang='lat' dir='ltr'>Squillae</span> <span class='ocrx_word' id='word_1_353' title='bbox 543 2207 683 2262; x_wconf 85' lang='lat' dir='ltr'>gibbae</span> <span class='ocrx_word' id='word_1_354' title='bbox 714 2240 723 2255; x_wconf 93' lang='lat'>‚</span> <span class='ocrx_word' id='word_1_355' title='bbox 756 2223 921 2263; x_wconf 88' lang='lat' dir='ltr'>quarum</span> <span class='ocrx_word' id='word_1_356' title='bbox 958 2209 1063 2264; x_wconf 85' lang='lat' dir='ltr'>apud</span> <span class='ocrx_word' id='word_1_357' title='bbox 1091 2223 1160 2249; x_wconf 88' lang='lat' dir='ltr'>nos</span> <span class='ocrx_word' id='word_1_358' title='bbox 1194 2212 1268 2252; x_wconf 82' lang='lat' dir='ltr'>tria</span> <span class='ocrx_word' id='word_1_359' title='bbox 1300 2210 1387 2251; x_wconf 85' lang='lat' dir='ltr'>sunt</span> <span class='ocrx_word' id='word_1_360' title='bbox 1412 2226 1579 2267; x_wconf 79' lang='lat' dir='ltr'>genera3</span> 
     </span>
     <span class='ocr_line' id='line_1_37' title="bbox 148 2263 1581 2323; baseline 0.001 -18"><span class='ocrx_word' id='word_1_361' title='bbox 148 2266 322 2306; x_wconf 87' lang='lat' dir='ltr'>Primum</span> <span class='ocrx_word' id='word_1_362' title='bbox 350 2267 556 2305; x_wconf 87' lang='lat' dir='ltr'>minimum</span> <span class='ocrx_word' id='word_1_363' title='bbox 573 2293 584 2308; x_wconf 91' lang='lat'>‚</span> <span class='ocrx_word' id='word_1_364' title='bbox 613 2263 836 2306; x_wconf 81' lang='lat' dir='ltr'>viliffimum</span> <span class='ocrx_word' id='word_1_365' title='bbox 853 2297 863 2312; x_wconf 91' lang='lat'>‚</span> <span class='ocrx_word' id='word_1_366' title='bbox 879 2267 922 2307; x_wconf 67' lang='grc' dir='ltr'>ὃς</span> <span class='ocrx_word' id='word_1_367' title='bbox 939 2267 1066 2306; x_wconf 88' lang='lat' dir='ltr'>Manti</span> <span class='ocrx_word' id='word_1_368' title='bbox 1084 2266 1198 2308; x_wconf 83' lang='lat' dir='ltr'>valde</span> <span class='ocrx_word' id='word_1_369' title='bbox 1213 2265 1332 2308; x_wconf 88' lang='lat' dir='ltr'>fimile</span> <span class='ocrx_word' id='word_1_370' title='bbox 1349 2301 1360 2314; x_wconf 93' lang='lat'>‚</span> <span class='ocrx_word' id='word_1_371' title='bbox 1374 2269 1482 2323; x_wconf 89' lang='lat' dir='ltr'>quod</span> <span class='ocrx_word' id='word_1_372' title='bbox 1499 2268 1581 2310; x_wconf 73' lang='lat' dir='ltr'>Pre-</span> 
     </span>
     <span class='ocr_line' id='line_1_38' title="bbox 145 2319 1581 2378; baseline 0.003 -17"><span class='ocrx_word' id='word_1_373' title='bbox 145 2323 251 2377; x_wconf 77' lang='lat' dir='ltr'>gadio</span> <span class='ocrx_word' id='word_1_374' title='bbox 268 2322 389 2375; x_wconf 86' lang='lat' dir='ltr'>vulgo</span> <span class='ocrx_word' id='word_1_375' title='bbox 405 2321 626 2375; x_wconf 87' lang='lat' dir='ltr'>appellant.</span> <span class='ocrx_word' id='word_1_376' title='bbox 660 2323 807 2377; x_wconf 85' lang='lat' dir='ltr'>Squilla</span> <span class='ocrx_word' id='word_1_377' title='bbox 836 2323 932 2363; x_wconf 88' lang='lat' dir='ltr'>baec</span> <span class='ocrx_word' id='word_1_378' title='bbox 961 2338 983 2363; x_wconf 84' lang='lat' dir='ltr'>a</span> <span class='ocrx_word' id='word_1_379' title='bbox 1006 2319 1264 2378; x_wconf 71' lang='lat' dir='ltr'>piscatoribus</span> <span class='ocrx_word' id='word_1_380' title='bbox 1295 2336 1378 2366; x_wconf 89' lang='lat' dir='ltr'>rete</span> <span class='ocrx_word' id='word_1_381' title='bbox 1409 2340 1487 2365; x_wconf 89' lang='lat' dir='ltr'>non</span> <span class='ocrx_word' id='word_1_382' title='bbox 1517 2341 1581 2366; x_wconf 81' lang='lat' dir='ltr'>ca-</span> 
     </span>
     <span class='ocr_line' id='line_1_39' title="bbox 149 2376 1580 2436; baseline 0.005 -18"><span class='ocrx_word' id='word_1_383' title='bbox 149 2380 259 2433; x_wconf 86' lang='lat' dir='ltr'>pitur</span> <span class='ocrx_word' id='word_1_384' title='bbox 289 2394 299 2423; x_wconf 74' lang='lat'>5</span> <span class='ocrx_word' id='word_1_385' title='bbox 339 2376 400 2418; x_wconf 87' lang='lat' dir='ltr'>sed</span> <span class='ocrx_word' id='word_1_386' title='bbox 429 2392 535 2418; x_wconf 86' lang='lat' dir='ltr'>mare</span> <span class='ocrx_word' id='word_1_387' title='bbox 565 2378 693 2420; x_wconf 88' lang='lat' dir='ltr'>mense</span> <span class='ocrx_word' id='word_1_388' title='bbox 722 2380 870 2420; x_wconf 86' lang='lat' dir='ltr'>Martio</span> <span class='ocrx_word' id='word_1_389' title='bbox 901 2379 988 2436; x_wconf 90' lang='lat' dir='ltr'>post</span> <span class='ocrx_word' id='word_1_390' title='bbox 1011 2380 1202 2436; x_wconf 85' lang='lat' dir='ltr'>procellas</span> <span class='ocrx_word' id='word_1_391' title='bbox 1233 2383 1334 2423; x_wconf 82' lang='lat' dir='ltr'>inter</span> <span class='ocrx_word' id='word_1_392' title='bbox 1361 2381 1580 2436; x_wconf 80' lang='lat' dir='ltr'>quisquilias</span> 
     </span>
     <span class='ocr_line' id='line_1_40' title="bbox 146 2435 1578 2494; baseline 0.003 -18"><span class='ocrx_word' id='word_1_393' title='bbox 146 2435 277 2488; x_wconf 77' lang='lat' dir='ltr'>rejicit</span> <span class='ocrx_word' id='word_1_394' title='bbox 295 2466 306 2483; x_wconf 95' lang='lat'>‚</span> <span class='ocrx_word' id='word_1_395' title='bbox 339 2435 441 2476; x_wconf 84' lang='lat' dir='ltr'>inter</span> <span class='ocrx_word' id='word_1_396' title='bbox 473 2449 570 2490; x_wconf 88' lang='lat' dir='ltr'>quas</span> <span class='ocrx_word' id='word_1_397' title='bbox 586 2450 608 2476; x_wconf 86' lang='lat' dir='ltr'>a</span> <span class='ocrx_word' id='word_1_398' title='bbox 625 2435 772 2478; x_wconf 83' lang='lat' dir='ltr'>rusticis</span> <span class='ocrx_word' id='word_1_399' title='bbox 804 2448 898 2479; x_wconf 85' lang='lat' dir='ltr'>tunc</span> <span class='ocrx_word' id='word_1_400' title='bbox 916 2437 1122 2493; x_wconf 76' lang='lat' dir='ltr'>colligitur</span> <span class='ocrx_word' id='word_1_401' title='bbox 1150 2440 1189 2479; x_wconf 88' lang='lat' dir='ltr'>in</span> <span class='ocrx_word' id='word_1_402' title='bbox 1203 2454 1340 2482; x_wconf 85' lang='lat' dir='ltr'>eorum</span> <span class='ocrx_word' id='word_1_403' title='bbox 1372 2441 1414 2480; x_wconf 70' lang='grc' dir='ltr'>ἃ</span> <span class='ocrx_word' id='word_1_404' title='bbox 1429 2453 1578 2494; x_wconf 73' lang='lat' dir='ltr'>paupe-</span> 
     </span>
    </p>

    <p class='ocr_par' dir='ltr' id='par_1_4' title="bbox 1485 2511 1572 2537">
     <span class='ocr_line' id='line_1_41' title="bbox 1485 2511 1572 2537; baseline 0.011 -1"><span class='ocrx_word' id='word_1_405' title='bbox 1485 2511 1572 2537; x_wconf 82' lang='lat' dir='ltr'>rum</span> 
     </span>
    </p>
   </div>
  </div>
 </body>
</html>
