1814 2902
210 221 263 266 96
549 218 923 263 APPENDIX
968 220 1328 265 SECVNDA.

202 338 1624 378 Qmmmmmmmmmmm

539 415 1016 481 CAPVT
1122 421 1327 482 IIII.

418 542 604 586 BALAst
637 557 984 588 CONFERTISSIMVS
1015 559 1158 587 MINOR
1191 561 1466 591 COMPRBSSVS·

198 632 293 722 A
311 635 350 674 D
377 635 649 698 Polystachyas
661 672 675 687 ,
705 639 766 682 seu
782 640 831 682 ad
847 641 1077 698 Polyvalvas
1095 673 1105 688 ,
1120 654 1188 683 aut
1204 643 1254 684 ad
1269 643 1544 686 Cancelliferas
1561 647 1668 687 Con-

323 692 414 757 chas
440 693 634 740 referendi
667 696 753 739 sunt
776 700 819 738 ἃ
836 699 970 740 Balani
987 728 997 743 ‚
1030 698 1259 756 praesertim
1288 701 1330 741 hi
1360 700 1565 757 compreffi
1583 730 1594 746 ‚
1624 705 1671 750 ὃς

198 753 354 790 mitrati
386 780 396 795 ,
429 750 491 791 sed
522 756 570 796 ad
601 755 875 811 Polystachyas
921 758 1041 797 etiam
1085 755 1278 799 referendi
1323 756 1409 799 sunt
1439 758 1570 801 Balani
1591 758 1669 808 Milli

202 804 514 871 ᾅακτυλοεεὸἄς,
545 814 668 867 quiin
685 810 782 854 saxis
796 812 1057 857 delitescunt,
1088 828 1179 854 narn
1209 817 1249 856 in
1266 813 1386 857 dorso
1419 815 1513 856 duas
1538 828 1668 871 partes

197 869 392 923 separatas
423 868 616 924 ellipticas
647 879 819 925 gerunt,
851 871 991 924 quibus
1023 869 1178 911 fortaffe
1208 871 1344 913 melius
1389 871 1668 919 dimo-ventur,

196 934 241 964 ut
263 924 353 965 saxa
382 927 654 979 perterebrent
673 959 681 967 .
712 927 812 968 Heic
829 926 934 968 addo
965 924 1132 982 figuram
1164 927 1277 981 hujus
1294 927 1429 969 Balani
1459 927 1667 985 compreffi

193 982 360 1022 minoris
376 1009 387 1025 ‚
417 981 777 1028 &confertiffimi‚
808 994 853 1024 ut
868 996 1051 1025 cernatur
1071 998 1136 1024 eos
1162 982 1234 1026 effe
1263 1000 1400 1026 revera
1417 985 1667 1041 compreffos,

193 1035 401 1093 &figurae
430 1037 672 1094 sphaeroidis
689 1071 699 1087 ‚
730 1043 774 1083 ὅς
794 1055 874 1081 non
889 1039 960 1082 effe
990 1042 1152 1081 conicos
1168 1069 1180 1085 ,
1206 1039 1267 1082 seu
1297 1042 1558 1098 pyramidales
1575 1073 1586 1089 ,
1619 1054 1667 1084 ut

192 1093 279 1135 sunt
303 1095 387 1141 illi,
417 1110 514 1151 quos
533 1098 670 1140 Fabius
685 1097 885 1139 Columna
913 1100 954 1139 in
983 1097 1264 1153 Phytobasano
1293 1114 1316 1140 a
1337 1113 1400 1140 me
1429 1097 1564 1140 recuso
1587 1098 1668 1142 Ta·-

191 1151 286 1193 bula
302 1155 428 1194 XXX.
458 1154 640 1209 depinxit
664 1183 672 1193 .
705 1155 794 1196 Hoc
823 1170 846 1195 a
871 1170 935 1196 me
965 1154 1113 1196 factum
1143 1155 1197 1196 est
1225 1157 1266 1196 in
1295 1156 1508 1211 quemdam
1536 1185 1548 1201 ‚
1596 1157 1664 1210 qui

194 1209 361 1250 Balanos
390 1208 478 1251 istos
508 1209 811 1253 confertiffimos
829 1239 839 1254 ‚
871 1213 939 1265 qui
971 1212 1083 1265 lignis
1101 1239 1113 1254 ‚
1140 1213 1184 1252 &
1216 1212 1313 1253 saxis
1342 1211 1464 1253 nostri
1494 1223 1633 1268 portus
1650 1242 1662 1259 ‚

190 1263 253 1306 sed
284 1266 570 1320 frequentiores
601 1270 778 1310 Venetiis
806 1270 925 1308 muris
949 1298 960 1313 ‚
993 1270 1037 1308 &
1066 1266 1164 1321 palis
1190 1268 1390 1310 canalium
1419 1268 1663 1309 inhaerentes

190 1325 442 1420 {epegiulntur
456 1353 469 1368 ,
498 1324 708 1423 consuit-icy:
729 1323 1270 1422 Qqsssslqffslssligcccffrlffis
1288 1352 1299 1389 3
1329 1323 1664 1422 seucpyramigctlali-

218 1395 260 1420 us
317 1395 527 1429 oumnae,
557 1393 601 1422 ut
634 1397 728 1434 uius
788 1395 844 1422 ixi
906 1395 944 1435 pi
981 1395 1087 1422 oaa
1169 1396 1189 1422 a
1236 1394 1367 1422 amum
1426 1392 1515 1427 ata,
1621 1395 1663 1422 in

189 1437 466 1491 Ephemeridas
487 1439 689 1481 Beruenses
720 1439 865 1480 relata.
898 1438 1062 1480 Balanus
1091 1437 1156 1479 hic
1182 1437 1420 1495 compressus
1449 1440 1579 1493 pistus
1597 1454 1662 1488 re-

187 1495 342 1549 peritur
373 1495 472 1535 Tab.
491 1498 537 1536 V.
556 1494 725 1550 fig·X11.
1600 1506 1605 1510 ’

188 1585 1609 1619 ψψψψωψωωψωψωω

585 1666 644 1726 C
688 1665 755 1724 A
799 1664 845 1722 P
889 1663 958 1726 V
1004 1663 1064 1724 T
1173 1663 1260 1726 V.

271 1793 453 1833 ECHINVS
477 1822 487 1839 ,
519 1807 586 1834 SEV
617 1792 926 1833 ECHINOMETRA
959 1804 1165 1833 VVLGARIS
1197 1804 1367 1832 ACVLEIS
1398 1802 1544 1831 NIGRIS
1563 1821 1571 1830 .

181 1883 291 1974 H
308 1888 371 1927 Oc
402 1890 535 1942 capite
551 1901 660 1944 pono
678 1886 869 1927 Echinum
888 1914 899 1929 ‚
926 1883 987 1927 seu
1001 1885 1322 1928 Echinometram
1340 1916 1351 1931 ‚
1380 1899 1461 1925 non
1477 1887 1585 1939 quod
1610 1882 1654 1926 fit

320 1943 433 1985 Testa
457 1946 583 1986 minus
600 1954 695 1985 nota
709 1971 719 1987 ‚
737 1941 799 1984 sed
814 1943 924 1998 quod
948 1945 1074 1984 minus
1099 1953 1211 1984 notas
1228 1941 1528 1984 Observationes
1547 1944 1654 1983 circa

180 2001 308 2056 ipsam
336 1999 521 2045 fecerim,
553 2003 599 2042 δε
631 1999 859 2057 praesertim
885 2001 991 2041 circa
1012 2004 1091 2054 ejus
1125 1999 1308 2041 incessum
1326 2031 1334 2040 .
1366 1998 1474 2039 Haec
1491 2030 1501 2045 ‚
1534 2012 1652 2054 quam

180 2058 336 2101 Tabula
369 2060 499 2112 prima
528 2060 568 2099 in
584 2058 818 2115 Appendice
850 2057 1063 2113 expreffam
1094 2057 1148 2099 do
1179 2056 1247 2099 sub
1279 2056 1410 2097 littera
1440 2058 1489 2096 A.
1522 2055 1575 2096 est
1604 2056 1652 2099 de

180 2130 321 2171 genere
352 2130 490 2157 eorum
518 2115 757 2157 Echinorum
773 2146 784 2162 ,
813 2129 911 2170 quos
943 2115 1167 2155 Gualterius
1186 2115 1310 2170 Spinis
1335 2143 1347 2158 ,
1378 2112 1439 2154 seu
1466 2113 1621 2154 Aculeis
1639 2143 1650 2160 ,

181 2188 279 2229 quos
298 2173 526 2214 Claviculos
557 2171 635 2229 ipse
660 2184 782 2215 vocat
797 2203 808 2219 ‚
836 2171 1102 2226 amethystinis
1128 2171 1251 2212 rubris
1270 2201 1280 2216 ,
1309 2173 1352 2211 ὅ(
1368 2172 1488 2225 nigris
1505 2201 1515 2215 ‚
1532 2181 1575 2209 ut
1590 2185 1650 2211 re·

181 2245 272 2272 vera
299 2230 500 2271 interdum
530 2229 619 2271 sunt
634 2231 796 2271 Liburni
813 2257 834 2279 ‚‘
856 2229 951 2269 dum
975 2230 1066 2269 vivi
1097 2229 1310 2282 capiuntur
1327 2256 1338 2272 ‚
1368 2228 1411 2266 ὅ(
1440 2226 1546 2281 apud
1577 2241 1648 2267 nos

180 2301 340 2343 quoque
357 2318 367 2333 ‚
398 2285 462 2328 sed
478 2286 661 2329 exsiccati
677 2287 909 2342 plerumque
938 2283 1165 2342 nigrescunt
1176 2298 1339 2327 omnes.
1371 2282 1580 2325 Diffidium
1596 2282 1650 2324 est

179 2346 285 2386 inter
313 2344 515 2387 Naturalis
544 2345 738 2386 Historiae
768 2344 985 2400 Scriptores
1003 2371 1013 2386 ‚
1045 2343 1254 2398 quomodo
1289 2341 1476 2382 incedant
1507 2342 1649 2381 marini

178 2401 341 2447 Echini;
372 2402 606 2458 plerumque
621 2403 801 2443 creditur
825 2416 890 2443 eos
913 2400 1094 2441 incedere
1110 2399 1254 2442 aculeis
1285 2399 1357 2440 illis
1376 2429 1386 2445 ,
1416 2413 1511 2454 quos
1536 2409 1648 2439 extra

176 2473 319 2515 aquam
344 2461 463 2501 etiam
487 2459 701 2503 dimovent
726 2461 833 2504 vivi,
864 2459 963 2499 &in
992 2456 1194 2499 lateralem
1217 2467 1373 2512 partem
1397 2454 1424 2497 fi
1450 2454 1648 2497 collocen-

1556 2522 1620 2552 tur
1631 2538 1647 2554 s
