1814 2902
451 213 822 257 APPENDIX
860 211 1216 253 SECVNDA.
1458 224 1531 263 ης

108 304 480 350 ςαηι,1ἀεει·αῐὶοιιε-,
508 316 586 358 qua
622 298 832 341 ostendunt
846 297 897 338 ab
927 298 975 337 iis
991 294 1124 337 avulsa
1157 293 1290 341 fuifl'e;
1317 294 1536 349 pulcherri-

108 366 165 405 mi
193 361 443 405 flavicoloris
471 358 560 401 sunt
589 359 630 398 in
654 351 855 410 superficie
872 383 883 399 ‚
913 355 971 393 uti
999 352 1149 393 malum
1175 352 1415 393 Aurantium
1430 349 1538 396 Lufi..

110 421 285 460 tanicum
301 417 472 459 referant
488 443 499 460 ,
529 416 599 470 qui
619 414 732 453 color
747 410 971 451 extenditur
1003 410 1123 450 etiam
1152 407 1358 449 intrinsece
1377 410 1416 448 in
1445 424 1535 451 cor-

108 478 187 517 tice
203 491 273 531 per
289 475 384 515 duas
399 474 517 514 lineas
534 467 762 526 parisienses.
780 466 1072 508 Pulcherrimus
1087 463 1153 505 iste
1168 464 1282 506 color
1297 480 1320 506 a
1335 466 1534 507 Vitaliano

107 534 292 574 reticetur
309 559 318 574 ‚
349 528 504 571 fortafle
517 526 627 583 quod
642 522 864 579 hujusmodi
887 536 1060 576 corpora
1076 523 1246 563 recentia
1272 530 1351 563 non
1369 522 1534 563 viderit.

110 590 228 629 Varia
244 587 408 628 istorum
430 599 602 641 corpora
625 577 782 623 diffecui
798 611 808 626 ,
833 581 876 620 δί
891 577 1007 620 fibras
1021 578 1139 620 offeas
1169 578 1355 619 radiatim
1383 577 1537 635 disposi-

108 657 167 686 tas
185 643 395 700 conspexi,
424 641 489 684 sed
505 643 613 682 circa
640 639 838 680 corticem
854 635 1133 677 admirabilem
1157 637 1201 676 ὃ(
1225 634 1409 677 floridam
1425 636 1535 678 illam
1591 658 1593 661 ·

108 701 340 743 strudituram
356 715 379 741 a
394 701 562 740 Donato
591 698 742 753 pidiam
770 707 851 734 non
866 693 976 736 vidi,
1008 693 1115 747 quod
1144 693 1188 734 ὃς
1210 692 1306 733 mihi
1331 693 1477 734 accidit
1493 695 1535 733 in

107 757 301 813 plerisque
317 755 452 812 figuris
481 755 590 796 Libri
621 751 722 792 illius
739 782 751 798 ,
777 764 876 805 quae
892 761 975 790 arte
998 750 1172 795 Pictoria
1202 751 1337 804 potins
1366 749 1535 792 adorna..

106 827 169 855 tae
185 843 195 857 ‚
227 824 296 854 aut
311 814 461 854 circino
489 810 734 867 geometrico
751 835 762 851 ,
794 807 838 846 ὃς
854 807 989 860 regula
1014 804 1209 848 confictae
1227 834 1238 849 ‚
1268 821 1387 861 quam
1404 805 1535 850 secun-

107 871 202 910 dum
227 872 438 911 veritatem
468 866 838 921 simplicitatemque
868 866 1052 910 Naturae
1079 895 1086 902 .
1130 863 1333 919 Tethyum
1363 863 1440 903 hoc
1471 862 1536 905 seu

105 926 392 967 Holothurium
423 921 688 979 descripsimus
707 936 796 977 pag.
823 935 884 969 44.
910 919 977 964 sub
993 921 1152 961 nomine
1167 921 1330 976 Alcyonii
1351 922 1457 974 flavi
1471 922 1534 965 du-

105 988 213 1026 rioris
231 1011 239 1020 .
269 982 401 1025 Helias
432 979 662 1021 Bertrandus
700 979 884 1032 opinatur
912 977 1155 1022 Holothuria
1197 976 1422 1021 Belemnitis
1446 1005 1458 1024 ‚
1490 978 1536 1018 &

105 1039 335 1095 Phosphoro
366 1034 596 1081 Bononiensi
625 1037 665 1075 in
696 1035 900 1079 Montibus
924 1036 1119 1089 originem
1150 1032 1317 1079 dediffe.
1351 1035 1531 1089 Vtraque

105 1098 210 1136 enim
239 1111 290 1136 ex
316 1096 474 1136 radiatis
504 1091 610 1134 fibris
639 1090 841 1133 constant.

498 1177 1048 1205 WQQQWQ

394 1239 792 1300 CAPVT
914 1236 1241 1299 XXIX.

290 1328 548 1368 ALCYONIVM
580 1339 814 1366 DIGITATVM
852 1340 1140 1369 GELATINOSVM
1172 1339 1339 1366 ALBVM.

1364 1178 1522 1205 mm

226 1402 495 1458 Oc'Alcyonii
525 1418 646 1458 genus
663 1435 673 1450 ‚
703 1406 812 1459 quod
825 1406 995 1461 exprimi
1021 1405 1156 1445 curavi
1172 1404 1269 1445 Tab.
1287 1403 1333 1441 X.
1366 1399 1434 1442 sub
1450 1403 1532 1442 Lit-

242 1471 322 1500 tera
340 1462 389 1505 A,
405 1462 589 1502 haerebat
613 1463 854 1517 marginibus
875 1461 1064 1503 Conchae
1082 1461 1296 1502 Bucardiae
1311 1489 1323 1506 ,
1353 1457 1415 1499 sed
1433 1459 1532 1500 dum

101 1517 199 1559 haec
214 1514 339 1558 scribo
351 1517 515 1558 allatum
525 1517 578 1557 est
587 1518 692 1557 aliud
703 1518 934 1572 exemplum
946 1549 956 1564 ,
972 1520 1080 1571 quod
1097 1518 1234 1558 haeret
1245 1514 1384 1557 Museo
1395 1517 1534 1555 Petro-

98 1572 139 1613 so
156 1575 343 1627 Imperati
360 1588 370 1612 ς
391 1576 579 1610 convenit
596 1575 708 1611 vaide
723 1589 814 1613 cuin
830 1576 1091 1616 antecedente
1106 1603 1116 1618 ,
1147 1574 1209 1613 sed
1240 1572 1449 1612 albicantis
1467 1585 1534 1610 co-

105 1629 197 1668 loris
216 1627 269 1667 est
284 1658 293 1672 ‚
324 1629 366 1667 &
384 1627 507 1680 magis
528 1624 704 1666 tenerum
724 1655 733 1669 ‚
767 1640 812 1668 ut
826 1628 1000 1683 gelatina
1010 1629 1202 1683 quaedam
1221 1628 1318 1668 dura
1335 1626 1530 1671 videatur,

100 1686 143 1723 ὅτ.
160 1684 359 1724 dissectum
376 1680 488 1722 fibras
507 1681 589 1721 illas
609 1683 881 1725 vermiculares
899 1685 1069 1726 ostendit
1086 1698 1130 1726 ut
1147 1684 1383 1742 praecedens
1402 1712 1410 1719 ·

429 1827 870 1887 CAPVT·
950 1830 1206 1890 XXX.

306 1918 489 1956 SPONGIA
519 1931 683 1959 RAMOSA
712 1931 894 1959 RAMVLIS
926 1932 1087 1964 NITIDIS
1124 1934 1293 1963 CONICIS
1313 1953 1320 1961 .

105 2004 160 2091 S
181 2003 330 2055 Pongia
346 2003 441 2043 haec
466 2001 616 2042 ramosa
633 2032 642 2046 ,
673 2016 771 2055 quae
785 2000 939 2041 Tabula
965 2000 1052 2042 XII·
1081 1999 1148 2039 sub
1163 2000 1278 2042 litera
1294 2003 1343 2042 A.
1375 2002 1451 2043 fuit
1466 2019 1531 2045 ex..

179 2058 300 2113 pressa
318 2086 327 2101 ,
345 2058 532 2113 Alcyonii
549 2059 697 2099 duriori
715 2060 754 2097 B·
776 2056 938 2098 frustulo
955 2068 1040 2096 erat
1051 2058 1194 2096 adnata
1211 2072 1220 2100 ς
1240 2056 1301 2097 sed
1311 2058 1410 2099 aliae
1427 2060 1527 2105 duae

100 2115 206 2171 apud
224 2131 284 2156 me
300 2115 474 2170 prostant
491 2148 499 2160 ,
530 2131 695 2170 quarum
719 2130 795 2155 una
820 2117 945 2167 major
970 2114 1190 2168 Petrobryo
1205 2114 1350 2154 adnata
1367 2114 1420 2155 est
1440 2145 1450 2160 ‚
1483 2120 1528 2158 ὃς

98 2174 175 2213 alia
194 2188 312 2228 parva
330 2201 339 2215 ,
369 2187 467 2227 quae
483 2173 647 2213 Turbini
667 2184 785 2213 acuto
804 2169 1043 2214 adhaerescit
1061 2199 1071 2213 ,
1102 2173 1170 2224 qui
1185 2172 1394 2227 Campanile
1414 2187 1436 2212 a
1452 2189 1530 2214 no-

99 2228 180 2270 stris
212 2231 434 2270 vocitatur.
455 2230 606 2270 Calami
639 2229 838 2285 scriptorii
858 2226 1023 2269 craffitie
1053 2226 1106 2267 est
1136 2230 1175 2267 in
1206 2240 1371 2269 trunco·
1407 2230 1525 2272 Extra

100 2301 241 2341 aquarn
275 2289 401 2341 riget,
426 2290 468 2327 ὃ(
486 2286 635 2342 hispida
661 2285 730 2330 fic,
764 2285 825 2326 sed
858 2288 895 2326 in
915 2300 1054 2340 aquam
1077 2284 1253 2339 immersa
1285 2285 1414 2327 mollis
1442 2286 1520 2334 est,

99 2355 143 2383 ut
176 2341 339 2397 spongia
372 2346 592 2384 communis
625 2373 632 2386 ‚
662 2343 722 2385 sed
752 2359 869 2384 manu
900 2342 1113 2397 compressa
1152 2341 1431 2396 complanatur
1452 2375 1461 2389 ,
1482 2347 1525 2391 ὅ(

96 2401 332 2455 deprimitur
350 2427 360 2442 ‚
392 2413 529 2454 aperta
557 2416 669 2442 manu
689 2401 829 2446 ramuli
865 2403 944 2453 ejus
972 2403 1137 2440 elate-rio
1170 2399 1305 2438 dmm}
1343 2402 1378 2440 in
1399 2401 1525 2455 pristi-

93 2470 188 2498 num
207 2455 461 2500 restituuntur
478 2486 486 2495 .
513 2457 618 2500 Tota
635 2459 720 2500 rufa
737 2458 789 2500 est
804 2487 814 2503 ‚
846 2459 885 2498 ὃς
907 2460 1095 2510 ‘ax-genten
1117 2455 1419 2512 tenustLmffquc
1438 2474 1526 2498 acu-

927 2517 955 2555 P
992 2534 1013 2555 a
1459 2517 1528 2555 leis
