1814 2902
630 204 1146 263 PRAEFATlo
1583 176 1615 257 ὲ

171 303 461 350 rumConchae
490 300 600 343 testes
617 302 704 344 sunt
720 333 731 349 ,
742 313 787 343 ut
808 303 976 343 diximus
990 327 1002 343 ‚
1018 313 1186 354 magnae
1201 296 1303 344 illius
1317 293 1361 336 δε
1376 293 1532 337 divinae
1548 304 1616 334 ex-

174 363 431 406 undationi85
459 358 562 401 velfi
579 360 618 401 id
633 374 713 399 non
737 357 961 413 praestant,
990 367 1036 396 ut
1064 358 1190 396 minus
1221 365 1315 410 apte
1341 350 1499 394 fortaffe
1516 363 1614 392 con·

174 418 344 460 tendunt
372 417 578 462 nonnulli,
606 417 833 472 probabunt
862 425 994 454 tamen
1023 427 1106 453 non
1133 409 1299 453 obscure
1322 411 1512 450 maximas
1526 408 1614 449 illas

173 476 397 516 Platonicas
413 474 520 515 orbis
551 484 745 514 terrarum
777 469 1044 513 revolutiones
1059 465 1418 521 exundationesque
1435 497 1446 512 ‚
1469 468 1516 506 &
1533 480 1614 506 ma-

174 545 275 586 gnae
289 529 488 572 vetustatis
505 528 617 584 ipsius
634 529 776 570 Mundi
806 537 920 568 erunt
952 540 1033 566 non
1063 524 1230 567 obscura
1245 523 1468 565 testimonia
1485 552 1496 568 ‚
1524 536 1614 576 quae

173 602 232 628 res
249 602 328 628 non
344 587 595 628 mediocriter
624 584 767 638 fatigat
796 583 1066 638 chronologos
1088 614 1095 622 .
1117 581 1251 623 Tanta
1283 579 1438 634 insuper
1471 579 1527 619 est
1542 579 1614 619 ha-

173 659 264 685 rum
295 658 426 686 rerum
453 644 645 698 elegantia
675 643 719 682 ὅζ
749 639 831 681 usus
850 671 860 685 ‚
890 650 935 679 ut
949 638 1103 694 aliquae
1132 653 1265 680 earum
1297 639 1486 694 pecuniae
1516 636 1614 678 loco

175 700 282 755 apud
299 699 482 754 quasdam
499 699 682 740 barbaras
712 699 862 753 genteis
894 696 1114 737 habeantur
1131 728 1139 736 .
1171 696 1330 736 Addam
1354 694 1545 749 denique,
1561 692 1614 734 ad

175 759 278 797 vitae
294 755 403 796 usum
422 784 432 798 ‚
462 758 505 796 &
522 755 684 795 humani
714 755 862 810 generis
894 755 1225 807 propagationem
1258 751 1430 793 multum
1446 750 1613 807 praesta-

172 825 213 853 re
230 814 394 852 marinas
410 811 593 852 Conchas
611 840 621 854 ‚
650 822 694 852 ut
725 811 832 852 tabes
863 809 1006 863 aliique
1043 811 1238 865 graviores
1271 810 1401 849 morbi
1435 807 1498 850 esu
1529 823 1612 849 car-

171 869 282 908 nium
311 867 470 908 istarum
500 866 681 908 sanentur
697 883 708 913 ς
735 865 1041 919 scrutatoresque
1055 879 1216 907 naturae
1234 864 1495 907 observarunt
1511 896 1520 911 ,
1538 880 1611 920 po-

171 924 286 979 pulos
304 925 448 965 littoris
465 925 579 964 maris
595 924 740 965 incolas
772 937 866 978 prae
894 923 1186 964 mediterraneis
1219 922 1494 964 foecundiores
1512 921 1582 963 esse
1602 937 1613 966 ἰ

171 982 226 1021 ob
242 979 345 1020 esum
377 982 480 1021 enim
514 980 755 1035 frequentem
785 978 946 1034 piscium
964 1007 974 1021 ‚
1008 979 1327 1034 Conchyliorum
1352 978 1612 1034 praesertim,

171 1050 343 1090 quorum
360 1038 537 1077 carnium
557 1035 677 1078 fibrae
694 1037 892 1077 breviores
924 1038 966 1076 ὃς
983 1037 1029 1076 ad
1049 1036 1307 1091 digestionem
1324 1039 1509 1090 aptiores,
1530 1050 1611 1075 ma-

169 1095 226 1146 gis
243 1093 401 1133 aluntur
416 1093 592 1133 homines
606 1124 616 1139 ,
647 1106 764 1148 atque
783 1094 871 1133 inde
888 1093 936 1133 ad
960 1094 1114 1133 Veneris
1146 1108 1204 1133 res
1235 1093 1400 1133 validius
1434 1094 1612 1133 excitan-

169 1160 234 1190 tur
249 1178 259 1192 ‚
293 1151 333 1189 ὃ(
353 1164 474 1204 genus
492 1148 600 1190 suum
618 1161 844 1206 propagant
861 1179 870 1193 ‚
898 1151 1127 1204 marinaque
1143 1150 1272 1189 Venus
1288 1162 1340 1188 ex
1360 1149 1419 1190 his
1436 1163 1518 1189 non
1537 1150 1612 1189 im-

169 1207 312 1246 merito
330 1221 350 1246 a
368 1207 492 1261 poetis
521 1206 678 1247 dicatur
696 1239 704 1245 .
729 1207 866 1259 Qare
892 1220 1013 1260 quum
1046 1207 1219 1246 marinae
1245 1206 1434 1247 Conchae
1462 1218 1612 1247 cetera-

167 1276 244 1316 que
261 1262 300 1302 id
334 1277 450 1315 genus
484 1263 700 1304 animantia
732 1294 742 1308 ,
774 1275 928 1304 tantum
960 1263 1153 1316 elegantia
1181 1264 1371 1303 varietate
1403 1264 1448 1303 δε
1477 1277 1613 1304 nume·

167 1332 215 1358 ro
232 1319 428 1359 excellant
445 1347 456 1361 ,
485 1328 602 1372 atque
632 1334 753 1374 quum
784 1330 848 1359 tot
878 1319 963 1359 usus
982 1320 1135 1359 abunde
1152 1318 1348 1374 praestent
1363 1348 1372 1363 ‚
1401 1319 1448 1360 de
1464 1319 1522 1360 his
1540 1321 1610 1374 igi-

168 1386 232 1415 tur
248 1376 355 1430 prius
373 1376 485 1415 nobis
501 1375 710 1416 dicendum
729 1407 737 1420 ‚
756 1374 982 1429 praesertim
999 1391 1119 1430 quum
1135 1375 1224 1417 heic
1240 1375 1412 1431 plurima
1430 1377 1609 1418 nondum

165 1443 283 1471 antea
302 1442 396 1471 nota
413 1459 424 1474 ‚
455 1444 577 1484 eaque
595 1431 861 1486 pulcherrima
878 1429 1145 1473 describantur
1163 1460 1172 1468 .

222 1487 293 1528 Sed
312 1497 523 1541 antequam
541 1488 588 1529 de
605 1488 663 1527 his
679 1487 772 1528 dico
788 1517 798 1533 ‚
815 1491 917 1528 ratio
936 1487 1107 1542 postulat
1122 1519 1131 1534 ,
1148 1499 1193 1529 ut
1209 1491 1344 1543 paucis
1360 1489 1454 1544 quid
1474 1489 1610 1532 dicen-

166 1543 261 1584 dum
279 1542 324 1584 fit
340 1556 541 1598 exponam
558 1573 569 1588 ,
601 1546 644 1584 &
672 1558 753 1598 quo
782 1545 922 1586 ordine
939 1576 947 1583 .
981 1545 1190 1586 Sciendum
1219 1546 1343 1601 igitur
1372 1545 1608 1600 opusculum

164 1599 243 1640 hoc
273 1601 378 1655 quod
410 1601 457 1641 de
484 1601 658 1641 Conchis
686 1603 811 1642 minus
827 1603 928 1642 notis
946 1600 1205 1658 inscripsimus
1222 1633 1233 1648 ‚
1264 1603 1372 1657 quod
1389 1603 1579 1647 Conchae
1597 1634 1608 1650 ,

163 1655 227 1698 seu
239 1656 374 1698 Testae
389 1656 616 1711 praesertim
634 1654 797 1710 majores
815 1672 981 1700 numero
1008 1670 1265 1715 exponantur
1281 1687 1292 1702 ‚
1325 1661 1365 1699 in
1382 1662 1529 1714 parteis
1548 1661 1605 1702 di-

166 1714 251 1754 vidi
267 1716 359 1756 treis
378 1732 396 1749 ·>
416 1715 462 1754 In
479 1715 609 1768 prima
625 1715 672 1753 de
697 1714 870 1755 Conchis
897 1729 1055 1769 agemus
1072 1743 1083 1758 ‚
1100 1730 1200 1770 quae
1216 1730 1352 1757 revera
1368 1717 1429 1758 vel
1446 1719 1607 1772 ignotae

166 1768 296 1810 adhuc
312 1769 540 1810 exstiterunt
553 1797 564 1812 ‚
594 1770 655 1810 vel
673 1772 799 1810 minus
824 1783 942 1811 notae
957 1770 1042 1813 sunt
1059 1803 1070 1817 ,
1099 1773 1142 1813 &
1172 1775 1212 1812 in
1243 1773 1352 1813 libris
1370 1773 1508 1828 passim
1524 1790 1605 1816 non

165 1827 417 1879 reperiuntur
433 1857 441 1864 .
472 1826 651 1866 Secunda
675 1840 763 1881 pars
792 1829 868 1867 erit
900 1829 1090 1868 tractatio
1119 1830 1278 1871 brevior
1296 1830 1345 1870 de
1360 1830 1576 1873 Crustaceis
1593 1861 1604 1876 ‚

165 1892 211 1922 ut
234 1894 410 1928 vocant;
438 1883 488 1924 de
515 1884 680 1924 Cancris
712 1881 859 1925 scilicet
887 1882 1119 1938 quibusdam
1136 1913 1147 1928 ‚
1177 1886 1226 1926 de
1257 1885 1384 1925 Stellis
1416 1891 1575 1930 marinis
1592 1919 1604 1936 ,

167 1952 266 1993 quae
279 1939 418 1980 eodem
434 1940 557 1980 modo
584 1939 647 1980 vel
673 1941 811 1995 ignota
835 1939 924 1981 sunt
939 1969 950 1983 ‚
976 1941 1039 1982 vel
1071 1956 1150 1982 non
1167 1940 1252 1982 satis
1267 1943 1366 1984 bene
1381 1942 1579 2000 descripta
1597 1980 1604 1988 .

166 1996 230 2035 Ac
255 1995 421 2050 denique
436 1997 557 2036 tertio
574 1996 667 2036 loco
683 2010 843 2050 agemus
860 1996 1077 2039 breviffime
1093 1999 1140 2040 de
1155 1998 1387 2053 quibusdam
1405 2003 1601 2057 Corpori-

167 2052 237 2092 bus
255 2053 412 2092 marinis
429 2080 439 2095 ‚
455 2052 559 2092 duris
583 2053 743 2106 quidem
773 2055 816 2093 &
831 2051 997 2095 carnosis
1012 2083 1023 2098 ‚
1055 2054 1120 2096 sed
1133 2070 1232 2110 quae
1249 2057 1297 2097 ad
1314 2056 1501 2099 Testacea
1519 2088 1528 2102 ‚
1561 2062 1605 2101 &

167 2106 376 2150 Crustacea
391 2139 402 2154 ‚
431 2107 492 2149 seu
509 2109 557 2149 ad
574 2109 919 2152 Ostracodermata
937 2141 947 2155 ,
976 2121 1020 2152 ut
1049 2113 1193 2154 Graeci
1211 2116 1322 2166 ajunt
1337 2144 1348 2159 ‚
1371 2113 1508 2156 referri
1522 2131 1603 2158 non

167 2163 345 2218 possunt,
374 2164 576 2221 minusque
593 2177 686 2221 apte
701 2168 741 2209 in
757 2167 863 2208 libris
879 2168 1074 2223 descripta
1106 2169 1194 2211 sunt
1212 2198 1220 2207 ·
1254 2170 1336 2211 Res
1351 2185 1486 2212 omnes
1502 2187 1601 2228 quae

168 2221 256 2261 heic
269 2234 524 2276 exponuntur
540 2223 689 2264 littoris
720 2225 764 2265 ὅ(
779 2228 895 2266 maris
912 2228 1083 2268 Arimini
1101 2227 1314 2282 peculiares
1331 2225 1420 2268 sunt
1434 2244 1445 2274 ς
1461 2232 1602 2286 quibus

165 2276 395 2333 plerumque
410 2277 550 2333 figuras
581 2294 667 2321 aere
697 2281 831 2323 incisas
861 2283 1083 2324 addidimus
1098 2314 1107 2323 .
1138 2285 1272 2326 Primo
1287 2282 1383 2325 loco
1400 2286 1523 2341 igitur
1537 2303 1604 2331 ex-

166 2347 357 2389 ponemus
374 2334 523 2390 semper
540 2367 549 2381 ,
577 2339 765 2392 quicquid
782 2354 870 2381 aere
884 2339 1067 2381 excusum
1084 2339 1137 2381 est
1152 2356 1162 2386 3
1186 2340 1326 2383 deinde
1343 2342 1529 2385 addemus
1546 2347 1602 2385 in-

164 2390 321 2432 terdum
351 2393 578 2449 appendicis
606 2393 700 2437 loco
727 2397 891 2454 aliquod
921 2397 984 2440 vel
1009 2399 1204 2441 marinum
1222 2426 1232 2443 ‚
1262 2397 1325 2440 vel
1355 2397 1476 2441 foffile
1492 2403 1600 2456 quod

1450 2472 1597 2514 conge-
