1814 2902
545 189 1164 232 MIN-VSNOTIS
1518 205 1572 245 43

526 357 998 428 CAPVT
1077 359 1177 420 1⁶1.

173 461 383 506 VRTICA
423 474 613 502 sorvra
653 454 1082 501 CARYOPHYLLVM'
1118 469 1414 504 nnn-unns,
1456 474 1538 505 ssv

222 519 395 566 ¹Ponsx
432 531 669 567 Manrnvs
718 528 1038 567 gscvmzn'rvs
1087 528 1251 565 MAn1s
1291 529 1501 558 svmm.

130 617 170 663 -1-
303 617 331 655 B
350 616 492 657 Vrtica
507 613 633 662 soluta
666 612 816 656 transeo
840 613 891 653 ad
924 611 1224 661 Vrticamsaxis
1242 644 1252 659 ,
1284 612 1399 668 lignis
1416 643 1426 659 ,
1447 613 1492 658 &
1523 623 1578 654 te..

205 704 213 708 -
253 704 258 707 .
317 670 380 711 stis
408 671 634 717 haerentem
659 701 670 718 ‚
702 682 821 724 atque
852 666 1088 719 esculentam
1120 700 1132 715 ,
1171 684 1294 724 quam
1322 669 1478 717 Tabula
1505 668 1575 713 lv,

135 730 203 772 sub
237 728 362 786 figura
393 730 461 770 Vl.
490 730 535 769 &
563 728 700 769 littera
729 730 767 769 G
798 726 1065 785 ,repraesentat
1091 753 1098 762 ·
1129 726 1311 782 Ejusdem
1341 729 1489 782 generis
1519 727 1578 769 vi-

133 789 328 828 detur'ac
356 785 424 833 illa
454 799 573 840 quam
607 783 867 833 Rondeletius
906 785 1088 831 Vrticam
1119 785 1281 824 rubram
1311 785 1433 825 vocat
1463 813 1474 828 ‚
1516 794 1577 825 at-

133 857 207 898 que
237 856 260 884 a
288 842 544 897 popularibus
574 841 647 883 suis
677 845 732 892 (a)
759 840 929 893 Posterol,
965 840 1029 888 vel
1061 841 1130 881 Cul
1156 842 1198 881 de
1229 842 1368 882 Cheval
1396 841 1572 896 appella-

133 903 167 947 ri
182 900 312 948 dicit.
343 898 501 940 Coloris
517 899 650 940 carnei
673 900 794 943 etiam
809 897 864 936 est
879 896 1009 945 nostra
1025 927 1035 942 ‚
1062 899 1105 938 &
1123 910 1291 953 propter
1308 901 1388 953 ejus
1405 898 1575 944 formam

133 957 268 998 culum
295 957 489 996 marinum
519 955 641 1009 vulgo
671 958 852 996 ‘vocitant
877 985 885 995 .
917 955 989 995 Sed
1021 953 1088 995 illa
1105 955 1335 1002 Rondeletii
1364 953 1416 996 est
1446 957 1573 1008 major

133 1014 342 1058 &latior‚
373 1011 503 1053 nostra
532 1010 716 1055 adstricta
745 1010 894 1066 semper
921 1021 966 1051 ut
994 1011 1299 1068 caryophyllum
1329 1010 1426 1053 flore
1455 1013 1575 1071 pleno

134 1069 276 1112 referat
290 1099 301 1118 ,
331 1071 432 1119 utin
451 1068 570 1110 titulo
588 1070 783 1109 innuimus
800 1097 809 1112 ‚
844 1070 887 1108 &
904 1080 953 1109 ex
969 1068 1088 1108 allata
1105 1063 1242 1121 figura'
1261 1082 1420 1109 cernere
1449 1070 1544 1110 licet
1559 1100 1568 1115 ,.

131 1129 235 1175 Puto
258 1140 417 1183 quoque
432 1125 535 1175 hanc
550 1125 722 1175 nostram
738 1125 951 1181 aliquando
981 1123 1153 1172 solutam
1175 1126 1310 1180 vagari
1327 1155 1338 1170 ,
1366 1139 1486 1180 quum
1504 1141 1576 1166 va—

136 1185 201 1224 riis
217 1186 330 1226 rebus
349 1210 359 1227 ,
391 1183 502 1236 lignis
519 1182 665 1224 scilicet
681 1212 690 1226 ‚
706 1181 822 1227 saxis,
838 1183 882 1220 &
899 1180 1000 1221 testis
1019 1210 1029 1224 ‚
1047 1191 1091 1221 ut
1104 1182 1186 1221 dixi
1207 1209 1217 1224 ‚
1244 1181 1400 1222 haereat
1418 1197 1427 1226 ;
1461 1197 1574 1239 prae-

135 1237 268 1287 sertim
286 1254 381 1283 vero
397 1238 528 1280 ostreis
559 1239 770 1284 adhaeret,
800 1250 921 1293 atque
951 1239 1002 1279 ab
1032 1238 1089 1278 his
1122 1238 1229 1278 facili
1255 1240 1420 1294 negotio
1435 1238 1572 1280 avelli-

131 1308 201 1338 tur
216 1327 224 1333 -
259 1296 368 1338 Haec
385 1311 496 1337 more
509 1294 722 1336 ostrearum
739 1297 928 1349 coquitur
942 1325 953 1340 ,
977 1292 1021 1334 ὃς
1036 1310 1112 1342 una
1143 1309 1235 1335 cum
1251 1294 1336 1352 ipfis
1352 1324 1363 1340 ‚
1397 1298 1537 1353 quibus
1553 1324 1564 1344 2

131 1365 178 1401 ut
193 1353 303 1399 dixi,
333 1350 637 1407 frequentiffime
654 1352 788 1392 haeret
805 1382 815 1397 ‚
844 1352 1071 1392 comed1tur
1089 1380 1097 1389 .

189 1412 241 1451 II.
275 1410 378 1460 Huic
403 1410 565 1451 Vrticae
590 1408 826 1454 accensenda
853 1407 906 1450 est
934 1409 1011 1449 alia
1039 1410 1168 1457 media
1185 1438 1194 1453 ,
1229 1409 1290 1450 sed
1323 1409 1562 1465 oblongior,

133 1481 252 1520 quam
270 1466 434 1515 solutam
466 1466 663 1507 interdum
696 1479 802 1506 mare
835 1464 1007 1512 nostrum
1036 1468 1191 1520 rejicit.
1219 1468 1321 1507 Item
1335 1466 1412 1506 alia
1426 1467 1567 1522 globo,

133 1523 208 1564 fior
226 1556 235 1565 .
267 1524 335 1565 Sed
355 1536 445 1563 cum
461 1523 534 1564 hac
552 1523 723 1563 maxime
746 1523 937 1563 convenit
954 1523 1091 1562 Vrtica
1121 1524 1313 1579 quaedam
1345 1537 1467 1578 parva
1498 1522 1572 1565 fre*

132 1578 378 1634 quentiffima
406 1610 418 1626 ,
451 1594 549 1634 quae
583 1578 726 1620 tellinis
757 1577 892 1618 nostris
922 1580 1129 1635 variegatis
1162 1581 1378 1621 recentibus
1414 1580 1570 1629 haeret,

132 1652 179 1678 ac
195 1652 271 1693 pro
285 1648 380 1678 nota
395 1651 530 1676 earum
546 1637 738 1676 recentiae
762 1636 927 1676 habetur
944 1664 954 1678 ‚
984 1637 1028 1675 ὃ(
1057 1651 1148 1677 cum
1163 1639 1346 1685 omnibus
1374 1649 1569 1693 perpetuo

133 1694 293 1743 haereat
308 1722 318 1737 ,
346 1705 547 1748 tamquam
564 1705 652 1746 pars
670 1692 861 1746 quaedam
876 1706 1007 1733 earum
1024 1704 1187 1748 putatur
1204 1723 1211 1730 -

190 1751 262 1791 III.
293 1751 454 1794 Vrticae
470 1750 610 1796 rubrae
626 1762 795 1805 propter
811 1749 989 1795 colorem
1018 1749 1140 1792 affinis
1158 1750 1211 1791 est
1227 1750 1341 1792 massa
1372 1751 1566 1805 quaedam

136 1806 315 1848 informis
330 1808 441 1860 lignis
458 1836 468 1852 ,
499 1807 542 1847 ὃ(
557 1805 653 1847 saxis
683 1805 854 1850 haerens,
873 1818 991 1859 quam
1006 1821 1163 1858 carnem
1182 1810 1373 1849 marinam
1400 1820 1567 1859 vocant,

134 1874 347 1920 propterea
363 1863 471 1918 quod
491 1861 656 1905 frustulis
675 1862 888 1916 majoribus
915 1864 1041 1903 carnis
1067 1864 1238 1904 bovillae
1257 1879 1408 1905 macrae
1426 1896 1436 1910 ,
1465 1880 1566 1921 quae

137 1920 281 1961 venalis
299 1921 339 1959 in
354 1920 512 1959 lanienis
529 1918 677 1974 prostat
695 1947 704 1962 ‚
737 1917 926 1975 perquam
941 1917 1071 1960 fimilis
1088 1919 1265 1966 videatur
1283 1952 1290 1959 .
1310 1923 1418 1963 Haec
1436 1922 1568 1968 tamen

137 1991 258 2030 quum
274 1987 430 2017 motum
460 1975 613 2016 nullum
629 1976 790 2016 vitalem
819 1976 908 2015 edat
924 2006 933 2020 ,
950 1978 992 2016 &
1008 1975 1161 2018 dissee‘la
1177 1992 1296 2032 quum
1313 1976 1427 2019 fibras
1458 1977 1566 2032 quas.-

137 2034 228 2081 dam
244 2032 449 2074 herbaceas
466 2031 643 2072 ostendat
660 2061 669 2075 ‚
703 2033 750 2072 ad
768 2033 948 2087 alcyonia
973 2031 1214 2075 referendam
1233 2034 1304 2075 effe
1319 2047 1420 2091 puto
1441 2063 1448 2072 .

194 2089 286 2131 1111.
318 2091 521 2141 (Quoniam
537 2090 584 2129 de
595 2089 784 2145 alcyoniis
810 2090 950 2138 incidit
978 2087 1101 2132 sermo
1118 2122 1128 2137 ,
1159 2106 1258 2146 quae
1281 2106 1340 2131 res
1358 2094 1564 2148 ambiguae

138 2145 354 2197 admodum
371 2144 484 2192 sunt;
516 2147 563 2187 de
581 2146 771 2201 aliquibus
803 2147 906 2187 enim
936 2146 1114 2189 dubitare
1146 2147 1266 2195 licet,
1294 2146 1430 2189 sintne
1449 2150 1497 2191 ad
1527 2166 1567 2190 a-

138 2202 323 2245 nimalia,
355 2218 404 2243 an
433 2204 481 2243 ad
510 2202 661 2261 plantas
691 2203 934 2258 ableganda;
968 2203 1053 2244 heic
1080 2205 1221 2247 referre
1250 2205 1360 2246 lubet
1386 2206 1567 2264 alcyonia

140 2259 355 2303 nonnulla,
386 2275 485 2315 quae
500 2275 605 2301 mare
623 2259 795 2301 nostrum
825 2260 1051 2315 suppeditat
1068 2292 1076 2301 .
1108 2264 1210 2303 Cum
1241 2264 1376 2317 primis
1396 2261 1568 2318 frequen*

139 2313 321 2355 tissimum
347 2315 399 2356 est
415 2318 641 2372 alcyonium
671 2317 810 2372 favago
841 2319 990 2358 dierum
1008 2349 1017 2363 ,
1047 2320 1153 2374 quod
1182 2320 1340 2373 quidem
1365 2320 1486 2376 aliqui
1515 2336 1563 2367 ex

136 2370 273 2421 nostris
303 2387 377 2427 pro
405 2375 543 2415 ovatio
571 2373 731 2428 alicujus
748 2373 859 2430 piscis
876 2375 1048 2419 habent,
1082 2391 1204 2432 quum
1220 2375 1355 2431 finguli
1373 2381 1453 2431 ejus
1487 2381 1563 2419 aci-

986 2432 1010 2471 F
1039 2447 1062 2476 2
1522 2437 1561 2481 ni

176 2514 216 2553 (a)
234 2513 290 2543 Lib.
308 2524 357 2543 xvi
367 2523 388 2542 1.
401 2515 432 2552 de
444 2514 562 2551 Piscibus
574 2526 630 2554 cap.
644 2525 723 2547 xvxi.
961 2553 966 2557 ,
1269 2518 1280 2539 s
