1814 2902
179 226 232 252 20
621 218 717 257 DE
777 219 1188 260 CONCHIS

179 297 347 340 frustulis
381 298 606 355 adspersum
638 311 794 343 tantum
827 303 884 344 his
916 306 1087 346 minimis
1126 306 1363 361 corpusculis
1395 307 1542 353 scatet,
1570 319 1618 349 ut

182 371 231 396 ex
271 358 316 396 iis
356 359 522 397 omnino
563 357 739 400 constare
775 361 958 402 videatur
985 388 994 398 .
1034 364 1234 418 Exiguitas
1272 366 1367 404 item
1401 365 1444 404 &
1479 365 1618 407 levitas

183 412 327 452 horum
365 412 419 452 est
460 423 568 454 tanta
586 443 597 458 ‚
626 426 668 455 ut
705 415 952 472 septingenta
985 421 1052 461 vix
1074 434 1239 473 granum
1269 435 1389 460 unum
1419 421 1619 475 pendant·

181 469 332 510 Tamen
368 468 515 523 singula
545 471 658 511 nudis
682 473 806 513 oculis
834 476 957 515 cuivis
983 487 1221 521 cernuntur;
1250 478 1343 530 quin
1360 475 1624 530 fidiffringan-

180 539 271 570 tur,
304 539 431 581 partes
450 542 585 568 eorum
602 527 771 584 fingulae
797 545 995 572 concavae
1011 543 1205 586 apparent
1222 560 1230 568 ·
1262 532 1390 573 Tanta
1419 533 1472 574 est
1500 530 1627 573 divifi-

179 583 313 624 bilitas
332 586 522 624 materiae
540 614 550 628 ‚
583 596 770 640 tantaque
786 585 838 626 est
854 590 909 629 vis
927 588 1138 629 oculorum
1168 589 1290 643 vulgo
1309 617 1316 625 ·
1348 592 1407 629 At
1426 590 1519 630 haec
1538 587 1626 630 vul-

179 655 247 694 gus
266 642 452 695 ignavum
487 642 650 681 miratur
667 673 677 687 ‚
701 645 862 685 minime
891 659 984 686 vero
1001 643 1152 699 Physici
1169 673 1178 688 ‚
1196 647 1263 699 qui
1293 656 1437 687 norunt
1460 645 1625 686 testante

179 696 550 738 Muffchenbroekio
582 703 654 749 (a)
685 713 848 752 granum
878 704 1035 742 unicum
1066 700 1123 742 fili
1154 702 1382 758 bombycini
1413 704 1452 742 in
1479 703 1625 756 parteis

180 755 271 794 aestu
289 754 408 794 oculo
426 751 606 796 vifibileis
623 757 742 797 vicies
772 759 814 796 ὃς
845 756 961 799 sexies
987 770 1153 799 centena
1170 758 1338 799 millium
1352 761 1509 800 circiter
1524 759 1630 798 divi-

179 810 219 851 di
253 810 382 865 poffe.
410 812 530 864 Cujus
546 814 695 866 generis
724 811 769 853 sit
797 817 1005 855 minimum
1034 815 1110 856 hoc
1136 814 1410 870 corpusculum
1443 844 1452 858 ‚
1480 830 1538 856 res
1571 813 1626 855 est

179 867 295 908 valde
312 869 432 908 dubia
448 900 455 907 .
487 869 551 908 Ad
567 884 643 910 ova
662 870 821 924 quidem
839 871 1003 912 Piscium
1019 903 1029 917 ,
1059 875 1306 913 Cancrorum
1323 901 1331 915 ‚
1362 872 1624 918 Tellinarutm

179 925 242 964 vel
275 923 445 965 aliorum
475 927 763 981 Concyliorum
795 930 881 982 quis
906 928 1035 968 statim
1065 928 1233 969 referat.
1264 932 1361 969 Non
1389 928 1531 968 referet
1561 942 1628 967 ve-

179 994 229 1021 ro
245 995 393 1035 gnavus
410 984 588 1022 Naturae
604 984 898 1039 contemplator
914 1013 925 1028 ‚
956 987 1025 1040 qui
1042 986 1166 1041 probe
1184 987 1297 1025 novit
1313 1013 1322 1028 ‚
1340 1000 1416 1026 ova
1432 982 1598 1024 Piscium
1616 1013 1628 1029 ,

181 1041 435 1077 Cancrorum
452 1066 462 1080 ,
495 1039 761 1080 Cochlearurn
779 1068 789 1082 ,
816 1041 1158 1097 Conchyliorum,
1187 1042 1467 1084 Lacertarum‚
1496 1039 1629 1093 Papil-

182 1094 334 1134 lionum
354 1125 362 1139 ‚
399 1096 643 1149 Serpentium
659 1124 668 1138 ,
698 1097 741 1136 ὅ(
759 1097 1003 1153 Repentium
1020 1099 1187 1152 denique
1211 1101 1388 1139 omnium
1407 1096 1544 1138 mollia
1559 1095 1632 1136 effe

183 1151 227 1190 &
247 1151 503 1205 cartilaginea
522 1182 532 1196 ,
562 1167 640 1192 non
658 1167 752 1194 vero
770 1155 933 1195 testacea
952 1185 961 1199 ‚
992 1168 1037 1195 ut
1066 1154 1151 1195 sunt
1176 1170 1252 1197 ova
1283 1156 1531 1201 Gallinarum
1550 1181 1561 1196 ,
1586 1153 1632 1192 ὅζ

183 1209 334 1248 Avium
367 1210 570 1248 omnium.
602 1209 734 1258 Quare
766 1225 889 1264 quum
931 1226 1104 1267 corpora
1133 1211 1227 1251 haec
1258 1212 1429 1252 rotunda
1462 1209 1629 1250 testacea

182 1262 256 1305 sint
272 1293 281 1308 ‚
313 1278 382 1305 aut
398 1279 517 1320 genus
536 1280 684 1306 novum
700 1281 749 1307 ex
765 1269 808 1307 iis
826 1266 1079 1308 conflandum
1096 1267 1149 1307 est
1166 1298 1175 1312 ,
1201 1280 1270 1308 aut
1300 1269 1350 1308 ad
1380 1267 1547 1308 Echinos
1574 1280 1632 1307 re-

185 1320 390 1362 ferendum
409 1352 420 1366 ,
453 1323 551 1360 utin
569 1322 686 1362 titulo
712 1323 940 1363 dubitanter
970 1323 1103 1363 asserui
1120 1351 1128 1359 ·
1155 1324 1310 1365 Horum
1343 1324 1475 1377 aliqua
1505 1336 1635 1376 parvo

185 1377 377 1419 foramine
394 1377 464 1417 effe
480 1377 627 1418 donata
652 1377 922 1433 microscopiis
950 1390 1191 1425 cernuntur,
1221 1391 1266 1420 ut
1296 1391 1481 1420 notatum
1507 1378 1560 1418 est
1591 1380 1634 1418 in

186 1434 693 1489 Figura1111.Tabu1ae11.
725 1434 792 1476 sub
821 1437 955 1478 littera
973 1439 1023 1476 E.
1056 1436 1164 1477 Haec
1180 1437 1313 1477 littera
1343 1439 1387 1477 &
1414 1435 1576 1488 sequens
1607 1434 1635 1474 F

189 1490 454 1546 repraesentat
477 1506 648 1547 corpora
671 1491 737 1532 ista
753 1521 763 1535 ‚
789 1495 848 1532 uti
878 1494 1001 1534 oculis
1031 1494 1137 1533 vitro
1168 1493 1361 1534 instructis
1391 1503 1606 1533 cernuntur
1622 1519 1634 1529 .

188 1549 228 1588 D
259 1563 353 1589 vero
379 1550 436 1588 uti
469 1548 703 1589 naturaliter
732 1549 838 1589 sunt.
878 1551 940 1591 De
955 1550 1029 1590 hac
1044 1548 1158 1589 Testa
1174 1549 1271 1589 nihil
1301 1549 1407 1590 aliud
1423 1548 1635 1589 dicendum

190 1603 357 1661 superest
372 1632 381 1648 ,
415 1603 482 1645 nisi
498 1619 583 1645 eam
600 1605 670 1647 effe
687 1607 788 1647 intus
805 1620 1024 1648 concavam
1039 1634 1048 1648 ‚
1079 1606 1186 1659 quod
1203 1607 1246 1645 &
1263 1605 1376 1661 supra
1401 1607 1604 1659 attigimus
1622 1635 1634 1650 ‚
1695 1650 1701 1657 ν

187 1664 232 1703 ὃ(
249 1667 287 1702 in
305 1659 506 1717 superficie
523 1662 644 1702 oculis
662 1665 818 1703 armatis
842 1661 1141 1718 asperiusculam
1158 1676 1346 1717 apparere
1364 1677 1374 1707 ;
1405 1676 1522 1716 quare
1554 1675 1635 1702 non

192 1720 395 1759 immerito
425 1718 473 1757 ad
504 1718 743 1760 Echinorum
774 1733 892 1774 genus
923 1718 1156 1761 referretur.
1187 1721 1377 1760 Ceterum
1407 1721 1488 1771 ejus
1520 1720 1634 1759 color

190 1786 336 1817 terreus
353 1776 585 1830 plerumque
601 1775 653 1815 est
670 1803 680 1818 2
711 1777 907 1818 interdum
925 1776 1046 1818 flavus
1063 1804 1073 1818 ,
1095 1776 1159 1815 vel
1175 1774 1355 1828 subniger
1372 1807 1379 1813 .

248 1833 300 1872 ΙΙ.
334 1832 400 1873 Ad
429 1831 526 1872 haec
559 1846 734 1886 corpora
764 1833 938 1872 rotunda
964 1831 1170 1872 referemus
1201 1833 1244 1871 &
1274 1833 1349 1872 alia
1378 1829 1537 1874 ωὀειδῗί,
1571 1846 1634 1872 ra-

194 1892 299 1931 riora
315 1900 445 1928 tamen
462 1890 504 1927 &
521 1885 704 1927 craffiora
721 1916 731 1931 ‚
760 1901 859 1941 quae
874 1888 915 1928 in
932 1891 1057 1928 arenis
1075 1887 1221 1928 littoris
1239 1887 1359 1929 nostri
1390 1898 1604 1932 cernuntur
1622 1916 1635 1932 ,

194 1960 370 2001 quaeque
387 1941 510 1998 figura
525 1944 611 1984 VII.
630 1942 799 1997 ejusdem
830 1944 1004 1985 Tabulae
1034 1943 1101 1985 sub
1132 1944 1274 1985 litteris
1298 1948 1346 1986 G.
1373 1947 1422 1986 H.
1447 1948 1477 1998 I.v
1503 1949 1546 1987 L.
1571 1959 1638 1986 ex-

198 2004 307 2044 hibet
325 2033 333 2042 .
366 2003 427 2042 De
457 2000 599 2057 quibus
617 2030 629 2047 ,
658 2002 753 2056 quid
784 1999 859 2043 sint
884 2032 895 2048 ,
924 2003 1026 2042 idem
1054 2000 1106 2041 est
1136 2001 1298 2042 dubium
1323 2017 1368 2044 ac
1398 2004 1446 2044 de
1477 2017 1638 2058 praece-

198 2061 402 2102 dentibus.

256 2119 327 2157 ΙΙΙ.
359 2118 563 2169 (Qu-oniam
579 2117 627 2158 de
642 2117 794 2158 Echinis
825 2117 966 2159 incidit
989 2115 1140 2159 sermo,
1170 2114 1313 2156 referre
1328 2116 1412 2157 heic
1439 2116 1535 2156 libet
1563 2116 1639 2156 tria

200 2175 437 2215 Echinorum
467 2188 609 2229 genera
642 2173 778 2229 paffim
794 2177 835 2216 in
851 2173 983 2215 nostro
1012 2175 1112 2213 mari
1129 2174 1314 2228 reperiri.
1348 2174 1524 2214 Primum
1554 2174 1640 2226 qui-

200 2232 290 2273 dem
309 2231 418 2286 quod
437 2233 653 2272 maximum
679 2231 732 2274 est
748 2262 758 2278 ,
787 2234 830 2272 &
860 2229 1053 2286 globosius
1069 2259 1080 2274 ‚
1109 2233 1151 2271 ὃς
1168 2241 1301 2271 tantae
1329 2231 1440 2271 molis
1470 2231 1659 2285 plerum-⁷

198 2302 274 2343 que
292 2318 302 2333 ,
318 2299 363 2329 ut
378 2301 501 2343 caput
526 2289 742 2329 humanum
767 2289 1036 2344 magnitudine
1058 2285 1210 2343 superet
1225 2315 1235 2330 ‚
1261 2288 1445 2341 quodque
1474 2297 1639 2342 propter

202 2349 284 2399 ejus
302 2344 545 2401 sphaericam
573 2343 741 2400 figuram
758 2347 868 2388 Melo
884 2348 1055 2386 marinus
1072 2361 1093 2385 a
1109 2344 1367 2400 piscatoribus
1393 2346 1514 2399 vulgo
1530 2344 1639 2384 voci-

203 2413 336 2443 tatur.
366 2403 543 2459 Speciem
573 2405 681 2445 enim
707 2402 941 2445 extrinsecus
971 2401 1180 2457 praesefert
1211 2402 1382 2442 Melonis
1412 2399 1610 2495 cujusdaxsn
1628 2426 1640 2442 ‚

320 2475 327 2478 -
1590 2469 1639 2496 eu

239 2535 291 2568 (ἃ)
310 2533 522 2572 Muffchenbroek
533 2537 672 2568 Elementa
684 2535 786 2572 Physsc.
800 2543 856 2571 cap.
869 2547 892 2565 2.
907 2538 930 2569 ξ.
944 2543 984 2566 26.
998 2546 1072 2566 num.
1086 2545 1109 2564 2.
