1814 2902
1520 238 1597 277 123

149 315 226 369 fig.
243 312 332 355 vn.
347 309 457 351 VIII·
474 307 666 351 'turbines
680 307 824 363 virgati
837 306 1047 348 Tricornei
1068 319 1161 350 cum
1177 304 1245 349 suo
1261 306 1472 363 operculo
1483 337 1493 353 ‚
1510 323 1608 364 quo-

264 384 352 411 rum
370 369 446 408 tria
462 364 550 406 sunt
565 380 707 421 genera
725 378 928 419 purpureo
946 362 1063 404 succo
1077 363 1222 406 referta
1238 391 1248 401 .

149 428 227 482 fig.
247 428 314 469 IX.
333 427 431 467 Nux
455 423 606 463 marina
632 421 696 463 seu
725 421 773 474 Ju
775 421 868 474 juba
896 421 1046 461 marina
1075 435 1163 476 pag.
1181 434 1246 463 22-
1283 420 1478 478 descripta
1493 451 1503 467 ,
1535 422 1598 464 sed

261 498 343 524 non
359 480 448 522 satis
464 479 563 520 bene
579 481 629 521 ab
643 479 843 533 Operibus
859 478 1014 518 Venetis
1030 476 1212 535 expreffa.
1225 476 1466 520 Consulatus
1476 480 1600 523 Gual-

263 540 384 583 terius
399 537 574 579 Talel.
591 534 710 592 fig.D.
723 536 766 576 &
781 534 888 578 Fabii
902 533 1124 577 Columnae
1139 533 1441 579 Observationes
1458 537 1597 593 Aqua-

262 598 393 638 tilium
408 595 487 635 ὅτε.
506 607 597 649 pag.
612 593 751 636 LXIX.

150 657 231 712 Fig-
251 658 297 699 X·
319 653 464 698 Eadem
487 649 623 707 supina
640 648 837 708 expressa,
867 647 932 691 sed
946 662 1027 690 non
1047 647 1133 692 satis
1149 650 1273 692 bene·
1353 674 1359 680 r

390 740 678 809 TABVLA
723 766 755 805 1.
797 762 1241 809 APPEchIs
1280 767 1345 806 11.

146 887 226 941 Fig.
245 885 293 926 A.
310 881 364 924 est
380 882 546 924 Echinus
565 910 575 926 ‚
606 880 668 923 seu
683 879 963 923 Echinometra
993 881 1163 937 vulgaris
1186 881 1330 923 aculeis
1357 882 1476 937 nigris
1509 882 1595 937 ple-

195 944 199 946 ’
260 955 425 995 tumque
441 968 452 984 ,
483 941 533 982 ad
549 955 584 980 a·
601 954 635 980 a·
651 955 685 979 a·
703 955 737 979 a.
754 953 787 979 a·
805 936 893 980 sunt
908 941 1070 980 Cornua
1087 970 1097 986 ‚
1119 937 1184 980 seu
1198 938 1456 980 Proboscides
1472 969 1483 985 ‚
1512 942 1600 994 qui-

258 999 328 1039 bus
358 997 507 1039 Pedum
533 997 627 1037 loco
659 1006 826 1038 utuntur
855 996 1021 1041 Echini,
1048 1007 1094 1037 ut
1125 996 1340 1043 incedant,
1371 997 1421 1041 de
1451 998 1593 1052 quibus

259 1068 347 1109 cap.
366 1070 404 1095 v.
422 1055 463 1094 in
479 1052 715 1110 Appendice
731 1053 781 1096 ΙΙ.

144 1113 183 1154 Fi
189 1126 225 1167 g·
244 1113 295 1152 D.
315 1113 367 1152 D.
383 1112 479 1152 Sunt
493 1112 630 1153 eadem
659 1111 822 1150 Cornua
838 1111 944 1152 vitro
959 1113 1076 1153 auc’ta
1091 1137 1100 1147 -

144 1170 227 1225 Fig-
246 1170 286 1209 B.
318 1167 379 1209 Est
403 1167 647 1224 segmentum
669 1165 877 1223 Trianguli
903 1167 1094 1222 sphaerici
1121 1169 1269 1221 partim
1300 1167 1518 1222 perforati,
1550 1169 1594 1209 &

258 1227 405 1280 partim
423 1227 606 1279 impervii
623 1254 634 1268 ,
665 1238 714 1263 ex
729 1239 809 1277 quo
826 1223 1024 1264 conflatur
1038 1222 1152 1264 Testa
1170 1223 1328 1264 Echini.

144 1283 222 1338 Fig.
236 1284 283 1321 G.
301 1284 398 1321 Sunt
432 1292 562 1337 partes
577 1281 837 1334 Heptagonae
848 1310 858 1325 ,
882 1282 925 1322 &
940 1281 1182 1335 Hexagonae
1198 1280 1413 1337 Triangula
1428 1280 1597 1324 Echino-

256 1352 347 1379 rum
373 1347 657 1392 componentes
675 1363 683 1371 -
730 1337 861 1377 Partes
900 1338 1175 1392 heptagonae‚
1217 1350 1318 1391 quae
1349 1340 1392 1379 &
1421 1341 1592 1392 majores

255 1394 370 1438 sunt,
402 1396 640 1450 imperviae·
674 1393 804 1434 Partes
836 1393 1107 1450 Hexagonae‚
1136 1409 1236 1451 quae
1266 1397 1441 1438 minores
1478 1395 1596 1445 sunt,

255 1451 479 1507 perforatae
495 1450 583 1492 sunt
599 1464 674 1505 pro
697 1452 810 1492 exitu
824 1451 974 1494 Pedum
992 1480 1000 1491 .

484 1565 848 1607 TABVLA
919 1568 1001 1609 ΙΙ.
1069 1568 1240 1609 ΑΡΡ.

140 1682 220 1736 Fig‚
237 1681 287 1721 A·
306 1682 354 1722 A.
381 1681 425 1720 &
449 1681 489 1719 B.
508 1682 548 1720 B.
574 1680 628 1721 est
649 1679 817 1721 Echinus
841 1685 969 1736 major
998 1682 1107 1723 Melo
1131 1684 1259 1727 dietus
1285 1685 1324 1724 in
1342 1683 1435 1724 duas
1458 1694 1587 1739 partes

252 1737 373 1783 sectus
391 1769 398 1780 ,
416 1737 480 1780 Ad
504 1741 550 1779 C.
566 1740 613 1778 C.
629 1739 676 1777 G.
695 1740 742 1778 C.
759 1740 806 1782 C·
820 1738 873 1781 est
888 1741 1045 1781 Canalis
1068 1740 1349 1782 Intestinorum
1367 1752 1440 1782 tres
1458 1740 1590 1783 saccu-

255 1796 314 1837 los
346 1809 381 1834 c.
399 1810 435 1835 c-
455 1809 491 1835 c.
520 1794 581 1836 seu
614 1795 855 1838 ventriculos
876 1796 1082 1840 efformans
1112 1799 1155 1841 &
1185 1796 1358 1838 desinens
1399 1799 1438 1839 in
1471 1814 1504 1839 n·
1522 1800 1591 1841 ubi

252 1851 307 1893 est
337 1866 453 1892 anus.

251 1909 316 1949 Ad
335 1910 368 1949 d·
387 1910 419 1949 d.
437 1910 470 1950 d.
500 1906 586 1949 sunt
602 1907 725 1963 spatia
754 1925 878 1951 vacua
894 1912 935 1952 in
956 1909 1108 1953 Echino
1125 1925 1225 1967 aqua
1241 1913 1394 1955 marina
1409 1911 1551 1954 referta
1575 1943 1583 1951 .

252 1965 317 2008 Ad
334 1967 367 2007 h.
386 1967 416 2006 h.
435 1967 468 2006 h.
485 1966 518 2006 h.
535 1967 567 2006 h.
591 1967 688 2006 Sunt
703 1968 853 2008 Ovaria
882 1968 1077 2009 esculenta
1093 1971 1131 2008 in
1150 1969 1303 2010 Echino
1320 1998 1330 2014 ,
1363 1983 1463 2023 quae
1496 1973 1587 2013 Ova

250 2023 468 2064 excludunt
484 2036 554 2078 per
572 2021 748 2065 foramen
778 2023 951 2079 politum
982 2027 1020 2065 in
1036 2025 1131 2066 testa
1147 2025 1286 2066 Echini
1315 2026 1366 2067 ad
1394 2029 1588 2070 verticem

250 2081 493 2122 Ovariorum
510 2111 521 2127 ,
550 2094 650 2136 quae
665 2084 801 2125 omnia
817 2097 903 2138 cap.
919 2098 956 2123 v.
973 2084 1015 2124 in
1029 2083 1265 2139 Appendice
1280 2082 1555 2126 describuntur
1574 2114 1583 2123 .

465 2198 821 2239 TABVLA
881 2200 1012 2239 ΙΙΙ.
1073 2199 1252 2242 ΑΡΡ.

139 2312 214 2367 fig.
233 2314 278 2352 C.
297 2311 357 2353 Est
373 2313 580 2355 Cancellus
610 2316 802 2356 maximus
820 2315 859 2354 in
873 2314 1052 2357 Cochlea
1081 2314 1349 2359 Caffidiformi
1366 2329 1585 2371 praegran-

249 2370 291 2410 di
323 2369 508 2414 latitans,
539 2371 582 2410 &
611 2385 700 2427 cap.
717 2385 814 2414 xm.
836 2374 876 2413 in
894 2373 1129 2430 Appendice
1161 2373 1405 2430 descriptus.
1444 2376 1510 2417 Ad
1525 2377 1584 2431 *A.
1650 2402 1655 2405 .

247 2430 329 2481 ejus
361 2437 484 2483 caput
502 2455 511 2464 .

246 2484 313 2526 Ad
331 2485 351 2526 b
366 2484 419 2526 est
442 2487 522 2539 ejus
541 2500 685 2542 corpus
702 2490 742 2530 in
767 2488 942 2599 COCCthzea
960 2489 1105 2531 latens.
1450 2546 1565 2589 ΤΗΝ
