1814 2902
204 239 256 273 62
655 230 1212 271 SPECIMEN

230 351 232 353 »
268 319 421 368 decem
449 315 583 365 Pedes
627 313 802 379 fingulis
832 313 950 364 horis
990 347 1004 362 .
1047 313 1130 364 Sed
1180 315 1285 367 haec
1317 326 1385 366 res
1411 316 1471 366 est
1501 320 1655 370 admo-

224 430 226 434 >
250 399 376 447 'dum
408 399 602 453 incerta,
639 398 759 462 quod
781 398 934 446 Littus
962 396 1098 446 modo
1129 396 1341 447 elevatum
1359 428 1374 454 ‚
1410 400 1548 449 modo
1577 401 1655 451 de-

267 479 453 544 press‘um
490 480 579 534 est,
622 480 835 547 quoniam
864 477 1040 543 singulis
1076 479 1279 531 Procellis
1294 482 1457 538 variat,·
1490 497 1652 532 utmo-

273 559 335 609 do
365 561 502 609 altum
524 591 539 617 ‚
568 560 705 609 modo
740 563 877 611 imum
912 561 1142 611 videatur.

631 687 1220 736 SCHOLIVM.

199 795 485 897 QVoniam
520 794 560 832 in
590 794 838 835 Praefatione
863 794 1032 835 diximus
1076 808 1146 835 nos
1182 792 1331 849 fingula
1363 797 1480 836 maris
1511 807 1653 839 eventa

325 848 522 890 adnotasse
548 879 557 894 ‚
589 849 741 906 singulis
782 851 888 891 horis
918 853 1151 892 notabamus
1183 853 1305 892 etiam
1339 863 1535 905 quantum
1572 867 1653 894 ma-

198 923 238 948 re
272 906 476 948 accederet
513 907 562 947 ad
596 909 752 953 Littus,
788 906 849 949 vel
882 909 932 948 ab
961 905 1044 960 ipso
1077 907 1278 948 recederet
1303 937 1314 953 ,
1356 920 1569 963 propterea
1608 910 1653 950 &C

198 964 298 1004 hanc
318 962 632 1019 propositionem
647 964 734 1005 heic
762 964 1015 1005 addidimus:
1051 963 1162 1003 Mare
1178 962 1325 1003 scilicet
1341 963 1515 1004 nostrum
1529 963 1654 1021 fingu-

198 1022 241 1061 lis
270 1021 375 1061 horis
402 1020 536 1060 decem
569 1021 732 1074 pedibus
769 1021 818 1061 ad
847 1023 974 1062 Littus
1004 1021 1044 1059 in
1059 1019 1183 1060 Fluxu
1213 1020 1398 1061 accedere
1422 1048 1433 1064 ‚
1465 1022 1558 1061 item
1589 1022 1653 1062 de-

199 1092 285 1119 cem
318 1077 481 1132 pedibus
512 1078 552 1117 in
568 1076 740 1118 Refluxu
767 1077 949 1120 recedere
967 1105 975 1113 .
1007 1078 1053 1117 In
1085 1074 1184 1117 saltu
1214 1086 1346 1117 tamen
1376 1076 1447 1117 illo
1465 1105 1476 1120 ‚
1510 1080 1575 1132 qui
1610 1080 1649 1123 in

201 1135 333 1175 medio
362 1131 546 1187 cujusque
562 1134 701 1174 Fluxus
720 1166 730 1181 ,
759 1134 822 1177 vel
849 1131 1038 1175 Refluxus
1070 1134 1270 1187 contingit
1287 1161 1297 1176 ,
1330 1144 1423 1174 tunc
1455 1133 1648 1180 accessus,

196 1193 258 1233 vel
277 1188 438 1232 receffus
470 1192 634 1244 triginta
653 1191 816 1245 pedibus
845 1191 1075 1231 continetur
1093 1217 1099 1225 -
1130 1192 1321 1231 Ceterum
1337 1189 1434 1231 haec
1450 1218 1462 1234 ‚
1481 1205 1580 1243 quae
1596 1190 1647 1232 ad

198 1246 388 1300 acceffum
418 1246 651 1288 receffumve
682 1248 883 1303 pertinent
909 1247 1061 1287 incerta
1084 1244 1174 1285 sunt
1198 1247 1331 1285 omnia
1348 1276 1359 1291 ,
1391 1260 1513 1300 quum
1539 1247 1648 1288 littus

200 1305 400 1345 Marinum
418 1334 428 1348 ,
452 1303 561 1357 quod
588 1304 694 1356 apud
721 1318 792 1343 nos
824 1302 1029 1343 arenosum
1063 1301 1117 1342 est
1135 1333 1146 1347 ‚
1176 1300 1331 1353 singulis
1347 1302 1534 1343 Procellis
1567 1300 1648 1344 mu-

197 1372 305 1402 tetur
321 1391 330 1405 ,
355 1370 400 1399 ut
417 1359 539 1399 modo
556 1357 718 1400 sublime
736 1389 747 1405 ‚
777 1359 899 1400 modo
923 1358 1167 1414 profundum
1190 1357 1371 1398 videatur
1387 1389 1395 1396 .
1423 1357 1571 1398 Addidi
1589 1371 1647 1399 ta.

199 1432 289 1459 men
314 1417 413 1456 hanc
430 1413 745 1470 Propositionem
761 1443 772 1458 ,
802 1416 896 1470 quia
930 1415 1051 1469 vulgo
1079 1412 1265 1454 nostrates
1295 1427 1344 1454 ex
1371 1413 1443 1454 isto
1476 1414 1618 1456 receffu
1634 1446 1646 1462 ,

195 1475 309 1514 maris
331 1471 474 1513 aestum
500 1472 731 1528 plerumque
752 1472 994 1525 dijudicant.
1025 1471 1260 1512 Tundenim
1287 1485 1357 1510 ora
1381 1472 1580 1512 maritima
1594 1472 1645 1512 ad

194 1530 387 1571 ducentos
419 1530 576 1568 circiter
590 1528 706 1583 pedes
720 1530 827 1582 aquis
845 1529 991 1567 nudata
1007 1555 1016 1569 ,
1050 1529 1093 1567 &
1122 1537 1205 1565 tota
1222 1526 1329 1566 sulcis
1347 1526 1579 1580 quibusdam
1597 1529 1642 1569 iis

196 1588 237 1626 in
260 1585 362 1638 ,locis
381 1614 391 1629 ‚
417 1599 438 1624 a
463 1585 601 1638 quibus
627 1598 733 1624 mare
750 1582 900 1625 receffit
916 1613 926 1628 ,
958 1593 1096 1623 ornata
1113 1610 1123 1624 ,
1155 1581 1268 1623 suave
1292 1580 1345 1622 est
1358 1597 1444 1623 eam
1475 1584 1640 1638 pedibus

193 1656 401 1698 peragrare
418 1669 428 1685 ‚
458 1639 701 1695 Tellinasque
717 1642 840 1681 varias
864 1642 907 1680 ὃς
922 1639 1076 1679 Solenes
1101 1640 1157 1679 ibi
1186 1637 1356 1692 sepultos
1386 1638 1640 1694 Cancrosque

192 1699 340 1752 legere.
373 1699 575 1740 Praeterea
592 1694 815 1751 Propofitio
833 1696 927 1736 haec
957 1696 1065 1735 circa
1096 1693 1281 1736 receffum
1312 1694 1548 1738 acceffumve
1575 1711 1640 1737 va-

191 1756 294 1795 rium
313 1755 461 1809 aliquid
490 1754 670 1795 conferet
686 1754 735 1794 ad
752 1754 935 1794 notitiam
955 1751 1062 1792 illam
1081 1752 1216 1795 maris,
1233 1765 1311 1807 qua
1337 1749 1462 1806 ipsum
1493 1753 1534 1792 in
1562 1750 1636 1795 fine

191 1825 395 1865 tamquam
412 1826 599 1867 magnum
615 1811 820 1851 Fluentum
837 1807 1164 1850 considerabimus
1183 1835 1191 1844 .

567 1924 1117 1969 PROPOSITIO
1183 1924 1268 1965 XI.

196 2043 321 2090 Venti
368 2039 547 2091 violenti
590 2039 776 2088 efficiunt
820 2037 999 2104 quidem
1035 2069 1051 2094 ‚
1107 2052 1155 2086 ut
1188 2053 1304 2085 mare
1336 2035 1522 2085 multum
1551 2038 1633 2088 flu·

261 2126 375 2171 diuet
405 2153 420 2178 ‚
474 2125 518 2167 &
558 2120 611 2168 ad
646 2121 783 2168 Littus
816 2122 954 2184 magis
984 2119 1236 2168 extendatur
1270 2147 1286 2174 2
1334 2135 1629 2170 verumtamen

263 2222 351 2253 non
383 2201 606 2258 efficiunt,
626 2219 673 2251 ut
693 2202 878 2251 multum
908 2205 1117 2250 rationem
1154 2201 1271 2250 suam
1307 2215 1445 2248 mutet
1481 2199 1627 2265 quoad

264 2285 543 2344 elevationem
563 2317 577 2341 ‚
615 2288 660 2331 δε
691 2283 997 2350 depreffionem
1030 2299 1160 2351 prout
1191 2281 1275 2330 fert
1291 2284 1419 2331 status
1449 2286 1589 2330 Lunae
1608 2313 1625 2338 ,

261 2367 330 2414 cui
364 2365 614 2433 obsequitur
634 2401 646 2415 .
683 2367 833 2416 Auster
856 2381 1029 2421 tamen,
1061 2363 1322 2420 Vulturnus,
1357 2367 1402 2410 &
1432 2362 1630 2412 Subsola-

266 2464 349 2499 nus
382 2464 502 2497 mare
532 2448 846 2512 aliquantulum
876 2449 969 2498 heic
1003 2448 1182 2506 inflant,
1211 2465 1260 2499 ut
1278 2449 1415 2513 magis
1431 2460 1625 2500 tumeat,

1445 2531 1632 2568 &alcen-
