1814 2902
243 246 296 281 42
671 233 769 273 DE
827 215 1231 277 cononis

251 318 344 361 teris
376 319 637 359 animantibus
654 317 834 373 perfectis
851 318 972 372 vulgo
988 317 1102 360 dictis
1122 318 1330 374 praestant,
1346 331 1556 377 propterea
1570 333 1679 366 trun·

248 388 338 418 cata
353 389 434 415 non
450 376 640 416 continuo
656 376 879 423 moriuntur
896 387 941 416 ut
967 374 1034 416 ista
1050 404 1057 412 ·
1089 377 1328 431 Qinimmo
1360 377 1456 419 haec
1473 406 1484 422 ‚
1502 393 1600 434 quae
1627 378 1680 422 fic

247 430 482 487 imperfecta
496 431 680 473 dicuntur
696 431 740 473 δι
755 430 912 474 insecta,
931 444 1025 486 prae
1042 435 1199 488 organis
1226 432 1296 474 suis
1313 462 1324 481 ,
1354 436 1397 476 ὃ(
1413 448 1508 489 prae
1532 437 1679 491 ingenii

248 490 330 529 acie
349 516 359 533 ,
376 498 424 528 ut
440 488 498 528 ita
514 486 654 542 loquar
669 516 680 532 ‚
697 501 775 544 qua
791 488 973 544 praedita
992 487 1080 529 sunt
1094 517 1104 533 ,
1123 506 1180 531 res
1195 492 1311 531 miras
1326 503 1542 546 operantur
1557 520 1568 535 ‚
1585 505 1680 547 quas

247 545 407 600 operari
428 545 588 585 minime
617 543 687 586 scit
701 547 806 586 canis
824 572 834 588 ,
871 546 932 586 vel
949 545 1091 585 animal
1121 547 1399 601 quodcumque
1429 563 1525 588 cane
1556 548 1682 604 perfe-

247 603 346 642 c‘tius
385 615 465 640 non
495 599 684 641 inferitum
703 629 710 637 -
738 601 804 641 Ad
833 599 1016 642 formicas
1048 602 1090 640 ὅ(
1107 603 1155 642 ad
1172 615 1328 643 araneas
1357 617 1535 658 provoco
1561 632 1569 641 .
1607 602 1680 645 Sed

247 658 342 712 quid
373 670 555 698 memoro
587 656 771 698 formicas
798 657 1001 700 araneasve
1019 666 1033 698 ἓ
1061 659 1307 713 Bombycum
1333 660 1378 699 ὅ(
1406 675 1526 716 apum
1558 674 1681 716 opera

242 713 568 768 contemplemur
584 742 594 757 ,
626 716 670 755 &
686 712 771 754 sane
789 712 898 755 sanus
914 716 1151 770 quicumque
1168 714 1355 757 fatebitur
1374 746 1383 761 ,
1409 731 1468 758 res
1485 716 1681 770 praestan-

245 772 366 811 tiores
385 800 395 815 ,
421 772 464 810 &
480 772 601 825 magis
619 770 866 811 admirabiles
896 772 946 812 ab
961 771 1042 812 ullo
1059 773 1250 826 quopiam
1279 772 1563 827 perfedtiornm
1593 773 1678 813 ani-

245 828 438 868 mantium
470 839 550 867 non
565 827 652 867 edi.
685 827 744 868 Vt
774 838 911 868 natura
939 828 1085 870 bovem
1115 827 1276 883 quidem
1291 857 1302 875 ,
1317 843 1455 870 canem
1472 859 1483 876 ,
1515 829 1675 873 asinum,

245 894 455 939 ceteraque
484 882 524 925 id
543 894 662 937 genus
680 881 893 925 condidiffe
908 883 1088 924 videatur
1105 913 1115 927 ‚
1132 896 1178 924 ut
1193 882 1407 939 simplicem
1425 886 1550 938 vitam
1565 887 1675 928 viva-

245 954 331 981 mus
349 968 359 983 ,
391 941 635 994 bombycem
651 954 745 981 vero
770 940 813 980 ὃς
828 953 944 993 apem
961 937 1146 981 addidiffe
1164 967 1176 984 ‚
1204 951 1250 980 ut
1265 940 1426 982 vestium
1457 937 1679 995 splendore,

243 1010 356 1037 cerae
373 991 442 1037 usu
461 1024 471 1039 ‚
505 996 691 1037 &mellis
719 994 927 1038 dulcedine
944 995 1108 1038 suaviter
1137 998 1326 1051 beateque
1340 997 1557 1039 viveremus
1572 1009 1584 1033 ⁴·
1602 996 1677 1038 Sed

245 1068 266 1094 e
284 1049 524 1095 diverticulo
540 1083 551 1099 ,
581 1052 686 1093 unde
701 1050 852 1106 digreffi
869 1051 995 1093 sumus
1012 1081 1021 1096 ‚
1053 1054 1093 1093 in
1111 1055 1236 1094 viam.
1257 1055 1415 1094 Vrticas
1443 1053 1511 1094 has
1527 1056 1679 1110 imper-

246 1109 369 1151 fectas
391 1123 495 1150 voco
511 1108 632 1150 relate
647 1108 697 1150 ad
715 1110 792 1150 alia
807 1110 1022 1162 animantia
1036 1141 1047 1156 ‚
1063 1125 1184 1165 quum
1198 1109 1431 1156 structuram
1445 1109 1594 1151 nullam
1612 1125 1678 1163 οι·-Δ

245 1178 442 1221 ganorum
460 1165 667 1206 ostendant
682 1194 692 1211 ,
722 1164 765 1205 &
782 1165 917 1206 mollia
933 1163 1006 1206 smt
1032 1181 1077 1207 ac
1095 1166 1205 1207 velut
1219 1166 1365 1223 glacies
1394 1164 1526 1208 calore
1542 1180 1680 1208 manus

246 1221 468 1277 liquescant
483 1254 491 1262 .
524 1223 658 1275 Qare
674 1220 702 1262 fi
717 1233 848 1263 motus
866 1219 1016 1277 aliquos
1048 1223 1180 1264 vitales
1212 1236 1294 1264 non
1310 1222 1468 1264 ederent
1484 1251 1494 1266 ‚
1508 1274 1511 1276 ‚
1524 1224 1680 1278 penitus

248 1281 297 1320 ad
325 1277 531 1320 mucosum
560 1279 758 1332 liquamen
782 1276 1022 1328 ‘referrentur
1047 1305 1055 1315 .
1087 1283 1152 1320 An
1181 1280 1319 1318 Vrtica
1348 1278 1445 1320 haec
1474 1278 1604 1320 nostra
1630 1278 1680 1320 fit
1722 1315 1724 1317 .

250 1334 392 1376 eadem
419 1349 465 1375 ac
480 1334 563 1374 -illa
578 1346 699 1388 quam
726 1333 836 1374 sexto
860 1334 955 1374 loco
969 1336 1100 1390 pinxit
1115 1334 1371 1376 Rondeletius
1388 1339 1444 1384 (a)
1460 1365 1471 1380 ‚
1500 1345 1544 1375 ut
1560 1335 1682 1390 aliqui

251 1404 301 1433 ex
331 1393 466 1432 amicis
497 1390 634 1431 nostris
650 1418 661 1434 ‚
692 1391 742 1431 ad
768 1404 866 1445 quos
891 1392 1072 1446 exempla
1090 1394 1170 1445 ejus
1187 1389 1269 1431 misi
1284 1419 1296 1435 ,
1315 1389 1555 1446 suspicantur
1570 1419 1582 1435 ‚
1599 1403 1680 1432 non

249 1445 369 1489 ausim
400 1446 594 1488 affirmare
612 1475 620 1484 .
654 1445 773 1488 Pedes
803 1448 904 1487 enim
936 1447 1087 1488 nostrae
1118 1447 1182 1489 seu
1206 1446 1361 1488 frondes
1390 1462 1473 1489 non
1499 1449 1555 1489 ita
1578 1447 1681 1488 latae

253 1508 296 1546 &
313 1504 455 1559 longae
475 1503 563 1544 sunt
586 1530 597 1547 ‚
621 1516 747 1557 neque
777 1501 834 1543 ita
851 1503 1014 1547 incisae,
1030 1515 1077 1544 ut
1093 1504 1196 1545 foliis
1211 1503 1369 1544 acanthi
1396 1502 1541 1559 poffint
1570 1518 1681 1544 com-

251 1562 408 1616 parari.
435 1558 627 1601 Praeterea
653 1560 721 1600 illa
736 1557 966 1601 Rondeletii
998 1560 1237 1614 marsupium
1267 1572 1347 1600 non
1364 1559 1511 1606 refert,
1537 1557 1600 1601 sed
1619 1559 1682 1615 pi-

252 1619 358 1659 leum
375 1617 586 1672 quemdam
617 1627 688 1657 aut
711 1613 922 1657 umbellam
941 1631 950 1661 ;
974 1618 1015 1656 ni
1029 1615 1132 1657 forte
1162 1616 1203 1656 id
1218 1615 1366 1657 accidit
1395 1614 1463 1672 ipsi
1479 1618 1684 1671 pistorum

249 1678 293 1716 &
321 1673 567 1729 scalptorum
593 1674 717 1718 vitio,
749 1671 1031 1717 intolerando,
1062 1683 1108 1713 ut
1124 1670 1203 1728 ipse
1233 1672 1437 1726 loquitur,
1468 1671 1679 1714 hominum

250 1743 388 1786 genere
404 1732 478 1780 (b).
609 1771 612 1773 ,
1128 1784 1132 1786 .

308 1789 358 1828 ΙΙ.
393 1786 517 1840 Hujus
533 1786 683 1843 generis
702 1783 754 1829 est
769 1815 779 1830 ‚
813 1795 858 1827 ut
886 1784 1058 1828 diximus
1074 1814 1085 1830 ,
1102 1785 1241 1827 Vrtica
1262 1784 1332 1826 illa
1358 1801 1502 1842 magna
1519 1817 1530 1832 ‚
1559 1798 1680 1841 quam
1731 1808 1733 1813 ·

252 1846 396 1900 quinto
427 1845 520 1885 loco
550 1841 1014 1898 describitRondeletius
1029 1869 1041 1886 ‚
1072 1844 1115 1882 &
1129 1842 1251 1898 vulgo
1262 1853 1366 1897 potta
1382 1848 1529 1883 marina
1545 1846 1598 1890 (c)
1612 1855 1681 1896 ap*-

250 1900 481 1956 pellatun&
498 1914 618 1953 quam
636 1898 870 1941 Matthiolus
889 1897 1046 1952 aliique,
1063 1913 1158 1954 quos
1173 1900 1304 1952 rejicit
1313 1898 1586 1942 Rondeletius,
1602 1909 1680 1951 pro

251 1957 442 2011 pulmone
476 1958 631 1997 marino
645 1955 794 1997 habent
811 1984 819 1992 .
850 1955 958 1996 Haec
976 1954 1154 2011 frequens
1167 1954 1277 1995 estin
1295 1954 1427 1995 nostro
1443 1955 1541 1994 mari
1558 1984 1569 1999 ,
1593 1952 1679 2008 pul-

250 2014 424 2067 chraque
442 2013 660 2054 admodum
675 2040 688 2058 ‚
718 2027 768 2054 cu
770 2015 828 2067 jus
842 2010 1055 2066 descriPtio
1068 2011 1177 2068 apud
1193 2011 1376 2053 eumdem
1389 2010 1681 2054 Rondeletium

249 2069 460 2124 diligenter
489 2069 639 2126 prostat
652 2072 673 2110 „⁷
1071 2092 1074 2094 v

1587 2353 1683 2396 CA-

287 2472 332 2505 ‘(a)
350 2468 501 2502 Lih.xv11.
512 2484 568 2510 cap.
585 2485 628 2503 xx.
892 2504 895 2507 .

290 2507 333 2538 (b)
352 2507 409 2535 Lib.
422 2509 452 2535 de
470 2508 625 2544 Amphibiis
637 2520 667 2537 ca
687 2531 693 2536 .
705 2516 786 2538 vrrr.
804 2508 960 2545 circafinern
971 2531 978 2538 .
1016 2517 1019 2520 ·
1165 2537 1167 2540 ⁴

286 2543 329 2573 ze)
348 2541 405 2570 Lib.
418 2551 498 2571 xvix.
511 2554 567 2580 cap.
582 2554 641 2572 xix.
656 2519 748 2579 gcap.
762 2552 857 2572 x1111.
870 2544 965 2582 vulgus
978 2544 1070 2573 Porrs
1084 2541 1216 2580 appellat·
