1814 2902
461 232 929 277 APPENDIX
987 228 1303 279 PRIMA„
1565 233 1610 281 ες

148 319 244 362 stim
260 320 433 362 Nautilis
461 320 683 375 hujusmodi
709 320 880 361 minimis
907 317 981 359 {int
1005 314 1248 357 refertissima
1263 342 1274 359 ‚
1305 325 1352 356 ut
1377 315 1551 356 dicemus
1576 317 1616 355 in

147 379 332 419 uberiore
363 376 630 433 descriptione
667 377 779 430 hujus
811 374 1060 430 Amygdalae
1089 401 1100 416 ‚
1144 374 1189 414 &
1213 373 1389 414 Partium
1417 370 1614 425 ejusdem,

148 448 247 488 quae
276 437 409 476 omnia
432 435 616 476 delineari
640 434 862 475 curavimus
887 435 931 472 in
956 430 1132 471 Secunda
1145 429 1382 484 Appendice
1411 429 1524 482 hujus
1551 430 1617 470 Li-

146 491 209 532 bri
224 492 320 533 Tab.
338 493 406 533 XI-

206 539 302 589 VJII.
336 550 422 605 Pag.
446 564 505 592 12.
538 550 623 606 Cap.
641 548 724 590 1111.
751 549 960 605 plerumque
987 550 1258 602 marginatum.
1290 546 1510 601 Marginem
1534 559 1615 586 non

147 606 413 662 exprefferunt
445 609 596 664 priores
627 607 772 662 operae
799 603 949 646 nostrae
981 602 1237 644 Bononienles
1268 600 1334 658 fig.
1358 596 1429 643 Ill.
1461 602 1557 643 Tab.
1582 604 1612 642 I.

148 663 264 717 hujus
279 663 416 705 Testae
433 693 444 708 ,
472 664 535 705 sed
552 679 640 706 eum
664 665 767 704 vidit
787 661 1047 702 Ferdinandus
1063 658 1203 700 Baffius
1233 661 1272 699 in
1302 657 1524 713 hujusmodi
1537 659 1615 701 Te-

146 718 208 760 stis
237 718 426 761 foffilibus
445 723 543 774 Agri
560 717 807 762 Bononiensis
824 747 834 763 ‚
867 729 911 758 ut
932 717 1029 759 mihi
1047 718 1185 757 retulit
1201 744 1212 760 ,
1243 718 1286 757 δί
1301 715 1497 762 ostendit;
1519 718 1618 758 item

146 792 237 819 eum
255 777 354 817 vidit
369 778 410 816 in
441 776 627 818 fcffilibus
646 777 826 831 Liguriae
855 774 942 816 suae
958 803 968 818 ‚
1001 788 1119 828 quam
1135 773 1470 814 Pedemontanam
1495 774 1619 814 modo

146 844 295 886 vocant
310 862 321 876 ,
353 834 520 875 Carolus
537 834 734 875 Allionius
766 833 986 873 Medicinae
1011 833 1171 872 Dcc‘tor
1186 832 1350 871 Amicus
1367 861 1378 875 ,
1408 832 1450 871 &
1477 832 1623 871 Fautor

143 889 273 931 noster
291 921 301 937 ‚
331 902 375 932 ut
391 891 583 931 diximus.
617 893 663 931 In
684 891 908 931 Sedimento
931 887 1065 930 nostro
1082 890 1261 930 inventus
1293 886 1345 927 est
1360 901 1457 928 unus
1481 902 1531 929 ex
1560 888 1619 929 his

148 947 323 988 Nautilis
339 948 612 1003 magnitudine
636 948 782 1002 Lupini
797 948 962 988 minoris
979 975 989 989 ‚
1021 947 1088 999 qui
1105 944 1192 986 sane
1209 945 1258 985 ad
1289 959 1347 985 res
1364 946 1543 985 minimas
1559 959 1620 986 re·-

145 1003 326 1045 ferendus
358 1019 435 1045 non
453 1017 538 1045 erat
556 1033 564 1040 .
598 1003 773 1058 Ejusdem
797 1003 876 1045 fere
903 1003 1208 1057 magnitudinis,
1240 1000 1304 1042 sed
1332 999 1494 1042 foffilem
1519 1001 1621 1043 mifit

145 1062 196 1102 ad
220 1076 283 1102 me
300 1062 498 1102 Allionius
515 1092 526 1107 ,
557 1076 671 1115 quem
705 1062 877 1116 exprimi
906 1061 1043 1102 curavi
1074 1074 1096 1099 a
1125 1061 1286 1099 Batarra
1313 1057 1444 1099 nostro
1473 1058 1618 1100 Tab.I.

144 1116 210 1172 fig.
229 1119 340 1159 XIII·
361 1118 430 1159 sub
461 1119 628 1160 litteraz
654 1119 825 1161 minori,
858 1120 901 1158 &
930 1115 1122 1171 expressus
1153 1114 1226 1155 fuit
1253 1117 1361 1157 vitro
1392 1118 1527 1156 auc‘tus
1552 1114 1621 1158 sub

143 1174 278 1215 littera
294 1177 334 1215 Z.
365 1176 488 1229 quiin
521 1187 691 1231 utroque
721 1174 917 1215 schemate
946 1184 1115 1226 apparet
1144 1176 1390 1225 marginatus
1411 1199 1419 1207 -
1451 1173 1556 1212 Item
1575 1171 1621 1213 fi-

147 1246 245 1287 gura
263 1232 351 1272 XII.
382 1231 450 1272 sub
466 1233 622 1274 Litteris
652 1234 684 1273 S.
701 1233 748 1272 V.
765 1231 812 1270 T.
836 1227 1003 1285 expressi
1032 1227 1190 1269 fuerunt
1213 1243 1349 1270 omnes
1378 1231 1618 1284 marginati,

146 1291 191 1329 &
206 1291 312 1328 vitro
327 1290 435 1330 aucsti
450 1319 461 1334 ,
491 1287 557 1329 sed
578 1291 645 1343 qui
675 1287 741 1328 sub
756 1289 906 1328 Littera
921 1288 966 1325 V.
985 1285 1061 1326 fuit
1090 1285 1285 1340 expressus
1300 1317 1310 1332 ,
1340 1288 1420 1340 ejus
1444 1286 1619 1342 aspecstus

148 1343 202 1386 est
231 1346 269 1384 in
288 1344 430 1391 dorso,
461 1356 506 1385 ut
532 1345 742 1386 umbilicus
771 1345 958 1399 utrinque
974 1354 1156 1383 cernatur
1173 1374 1181 1382 .
1210 1342 1374 1398 Reliqui
1402 1344 1482 1384 duo
1510 1355 1622 1385 utro-

149 1415 227 1456 que
253 1399 413 1457 aspecstu
437 1414 676 1444 cernuntur.

135 1512 140 1516 .
209 1459 271 1499 ΙΧ-
306 1459 392 1515 Pag.
417 1471 474 1513 13.
501 1461 585 1517 Cap.
605 1462 642 1501 V.
674 1460 834 1515 Operae
863 1457 1013 1500 nostrae
1043 1456 1300 1500 Bononienses
1331 1460 1424 1499 item
1450 1473 1530 1499 non
1560 1473 1624 1501 ex-

149 1515 366 1573 press’erunt
388 1519 604 1572 marginem
638 1519 676 1557 in
691 1518 859 1557 Nautilo
887 1516 1020 1556 nostro
1036 1517 1196 1568 Quarto
1213 1545 1224 1560 ,
1255 1528 1371 1569 quem
1395 1525 1526 1557 tamen
1554 1530 1621 1557 ex-

146 1571 283 1629 pressit
306 1575 531 1626 Gualterius
548 1575 646 1616 Tab.
665 1574 770 1614 XIX.
797 1574 944 1614 Indicis
974 1572 1028 1613 sui
1058 1571 1126 1612 sub
1152 1573 1300 1613 Littera
1328 1574 1372 1613 C.
1391 1574 1476 1613 Nos
1500 1573 1624 1614 modo

148 1633 320 1685 exprimi
348 1633 567 1671 curavimus
595 1634 635 1670 in
661 1631 813 1670 duobus
832 1630 1104 1670 Schematibus
1135 1628 1277 1669 additis
1308 1627 1376 1669 sub
1391 1630 1550 1670 Litteris
1568 1631 1643 1684 Q

148 1687 192 1726 &
208 1689 258 1727 R.
273 1688 409 1727 eadem
425 1688 524 1729 Tab.
541 1689 571 1728 Ι.
587 1686 649 1741 fig.
666 1687 732 1727 XI.

209 1744 253 1783 X.
287 1744 373 1799 Pag.
406 1759 460 1793 14-
485 1740 574 1799 'Cap-
595 1744 652 1785 VI.
687 1744 862 1798 Qando
892 1745 1067 1799 primum
1103 1744 1231 1785 editus
1256 1743 1330 1784 fuit
1346 1745 1462 1786 Liber
1490 1759 1625 1792 meus,

149 1803 336 1855 ignotum
363 1801 459 1841 mihi
478 1812 570 1841 tunc
587 1812 673 1841 erat
689 1831 700 1846 ,
715 1816 738 1842 a
752 1801 923 1855 Breynio
938 1800 1120 1842 Testacea
1136 1798 1272 1841 foffilia
1288 1803 1326 1841 in
1341 1802 1455 1856 plura
1478 1802 1627 1844 locula-

150 1867 285 1898 menta
314 1856 435 1899 divisa
452 1886 462 1901 ‚
494 1855 555 1897 sed
580 1859 711 1899 eretsta
727 1885 737 1901 ‚
769 1856 972 1912 appellata
1003 1857 1107 1898 fuiffe
1131 1858 1439 1905 Orthoceratia‚
1469 1857 1530 1900 seu
1546 1862 1623 1900 Or-

150 1913 405 1955 thoceratitia
422 1946 429 1954 .
461 1915 597 1968 Qare
613 1914 726 1967 hujus
751 1916 900 1969 generis
915 1912 1046 1955 Tessas
1066 1915 1218 1955 nativas
1233 1947 1243 1960 ‚
1272 1927 1367 1969 quas
1382 1929 1457 1969 ego
1473 1918 1623 1972 primus

150 1972 193 2011 in
208 1968 420 2011 sedimento
436 1972 603 2013 Littoris
626 1969 747 2011 nostri
762 1971 894 2011 detexi
923 1972 1084 2012 Cornua
1111 1971 1344 2012 Hammonis
1360 1974 1490 2013 ereeta
1505 1988 1623 2015 voca-

152 2027 195 2068 vi
216 2054 226 2069 ‚
256 2039 301 2068 ut
331 2028 381 2068 ad
412 2026 623 2082 ipsummet
639 2028 850 2083 Breynium
878 2025 1008 2081 scripfi
1034 2027 1204 2084 Epistola
1233 2029 1273 2067 in
1288 2030 1561 2071 Annotatione
1575 2033 1622 2071 V.

152 2085 276 2124 citata
293 2112 303 2128 ,
332 2084 376 2123 ὃς
393 2085 433 2124 in
449 2082 689 2126 Adversariis
715 2083 790 2125 illis
804 2082 1035 2126 Lucenfibus
1052 2086 1159 2126 edita
1175 2099 1265 2140 pag.
1280 2099 1375 2127 200.
1392 2087 1436 2126 &
1463 2085 1623 2142 sequen-

156 2141 258 2181 tibus
278 2169 286 2178 .
319 2141 559 2182 Orthoceras
584 2142 690 2181 enim
720 2156 859 2197 graece
876 2143 1031 2197 Breynii
1061 2142 1164 2183 idem
1193 2141 1246 2183 est
1261 2157 1307 2182 ac
1339 2158 1468 2184 meum
1486 2147 1624 2187 Cornu

157 2201 359 2244 erastum,
391 2211 438 2239 ut
467 2198 621 2252 linguae
652 2213 814 2253 graecae
839 2200 958 2255 periti
987 2211 1156 2240 norunt.
1187 2201 1233 2240 In
1251 2201 1456 2243 Montibus
1488 2202 1624 2244 Italiae

156 2253 308 2296 nostrae
331 2270 450 2311 genus
481 2256 558 2296 hoc
584 2257 755 2310 primum
773 2256 1081 2298 Orthoceratitis
1112 2254 1235 2298 foflile
1264 2269 1462 2313 repertum
1494 2259 1623 2300 adhuc

157 2325 238 2351 non
263 2311 336 2352 suit
352 2340 363 2356 ,
393 2311 455 2353 sed
481 2315 628 2367 reperit
657 2312 936 2354 sollertissimus
953 2315 1139 2368 Breynius
1166 2316 1206 2354 in
1222 2315 1426 2356 Montibus
1457 2315 1624 2359 Pruffiae

158 2366 247 2408 suae
262 2384 387 2424 prope
403 2369 610 2411 Gedanum
625 2401 635 2416 ‚
666 2371 774 2424 quod
792 2385 983 2427 perquam
998 2369 1120 2413 fimile
1136 2371 1190 2413 est
1203 2371 1295 2412 huic
1319 2371 1451 2414 nostro
1467 2375 1604 2414 nativo
1615 2404 1626 2419 ,

160 2426 269 2478 quod
296 2428 465 2480 exprimi
492 2428 626 2468 curavi
648 2441 688 2467 in
703 2428 947 2470 Adversariis
980 2428 1054 2469 illis
1071 2427 1303 2470 Lucenfibus
1325 2444 1414 2486 pag.
1437 2437 1526 2478 184.
1558 2429 1626 2472 sub
1708 2446 1712 2448 ·

159 2483 310 2524 Littera
326 2484 376 2524 A.
393 2485 436 2525 ὃ(
452 2485 493 2525 Β.
509 2483 752 2527 Orthoceras
767 2485 846 2528 hoc
863 2484 968 2542 quafi
991 2501 1040 2529 ex
1056 2486 1225 2542 globulis
1240 2486 1506 2543 compositum
1521 2486 1624 2528 dixit

158 2539 340 2595 Breynius
358 2573 365 2581 .
1384 2546 1447 2586 XI·
1466 2545 1620 2602 Pag.15.
