1814 2902
452 229 821 271 APPENDIX
862 229 1212 273 SECVNDA.
1482 243 1549 283 ως

127 324 200 364 reis
217 350 228 366 ‚
259 319 587 363 &flavicantibus
610 321 837 362 alternatim
860 319 1052 375 dispositis
1083 318 1295 361 instructa·
1330 319 1442 372 Duos
1465 320 1556 374 pol-

126 380 219 420 lices
250 379 392 434 longae
420 377 506 419 sunt
520 380 600 431 ejus
631 377 770 418 valvae
787 407 798 422 ‚
829 378 1007 417 &unum
1022 378 1180 418 circiter
1209 377 1312 418 latae
1329 403 1337 412 -
1369 375 1435 417 Ad
1450 389 1548 417 mar·

129 438 263 490 ginem
287 438 486 476 internum
506 433 709 475 valvarum
734 434 960 474 membrana
975 431 1178 473 tendinosa
1200 431 1272 478 est,
1303 447 1403 488 quae
1417 443 1552 475 exten-

127 493 235 533 ditur
251 520 262 536 ,
291 491 454 547 quaudo
483 492 712 545 aperiuntur
727 489 864 532 valvae
879 517 889 532 ,
919 490 962 529 &
987 503 1130 544 corpus
1151 490 1359 530 animantis
1380 491 1486 542 jacet
1512 492 1554 531 in

127 549 263 590 medio
289 548 404 601 hujus
437 548 710 589 membranae.
756 543 988 588 vniversum
1017 560 1160 602 corpus
1191 547 1402 587 animantis
1432 545 1556 587 callo-

127 604 210 645 sum
228 633 239 648 ,
268 607 313 646 &
344 604 442 646 Mali
471 605 614 649 medici
641 605 776 645 colore
792 632 801 640 .
831 603 988 644 Caudas
1015 603 1109 644 duas
1139 602 1258 644 habet
1284 602 1555 656 cartilaginea

127 661 364 717 cylindricas
381 689 392 705 ‚
416 664 461 703 &
483 659 730 702 articulatas.
762 662 869 703 Haec
895 662 1032 701 omnia
1060 661 1169 702 cerni
1200 658 1356 716 possunt
1369 658 1470 701 Tab.
1485 660 1553 700 XI.

127 716 197 760 sub
220 716 285 774 fig.
304 720 347 759 L.
363 720 405 758 in
428 733 506 774 qua
522 734 551 760 c·
569 734 597 759 c.
615 716 702 758 sunt
718 718 879 759 Caudae
903 716 1139 759 articulatae
1163 717 1403 772 cylindricae
1419 747 1430 762 ‚
1455 730 1555 772 quae

126 776 168 814 in
198 775 333 816 medio
363 776 550 816 videntur
578 773 800 829 perforatae
818 805 829 820 ,
864 785 906 815 at
934 788 1016 815 non
1043 773 1155 818 sunt,
1200 775 1244 814 &
1274 775 1454 815 Battarra
1484 786 1554 815 no-

126 830 200 871 ster
230 833 419 886 opinatur
461 832 653 884 originem
689 831 781 871 dare
809 831 1017 872 Entrochis
1050 830 1124 871 illis
1162 828 1348 872 foffilibus
1371 860 1382 876 ‚
1421 833 1491 886 qui
1514 832 1555 872 in

125 888 326 929 Montibus
342 889 612 944 reperiuntur.
643 888 903 929 Rondeletius
915 919 925 934 ,
954 889 1024 942 qui
1039 887 1221 943 depinxit
1237 886 1435 928 Tellinam
1450 887 1552 928 hanc

127 942 196 985 sub
225 947 382 985 nomine
398 945 572 986 Chamae
601 944 792 985 Peloridis
807 976 817 990 ‚
841 947 884 985 ὃς
899 944 1125 999 exemplum
1141 974 1151 990 ‚
1183 944 1292 999 quod
1321 944 1482 1001 depingi
1496 959 1559 985 cu<

127 1002 231 1042 ravit
248 1029 258 1044 ‚
285 1004 377 1056 quia
402 1002 583 1042 mutilum
613 1011 697 1042 erat
713 1031 724 1047 ,
748 1002 791 1041 ὅ(
807 1002 940 1042 caudis
970 1001 1088 1056 usque
1121 1001 1171 1041 ad
1203 1000 1389 1042 ultimum
1413 1002 1560 1042 articu-

126 1056 210 1098 lum
231 1059 478 1099 obtruncatis
495 1087 505 1101 ,
529 1062 713 1113 opinatus
738 1057 792 1099 est
815 1073 937 1100 unum
968 1073 1017 1100 ex
1050 1060 1092 1099 iis
1113 1058 1287 1100 articulis
1316 1072 1360 1099 os
1385 1057 1459 1099 esse
1475 1088 1486 1104 ‚
1515 1060 1560 1099 δε

131 1113 300 1155 alterum
328 1131 448 1156 anum
466 1146 475 1160 .
505 1114 595 1159 sed,
623 1128 669 1155 ut
695 1115 806 1158 dixi,
846 1115 1006 1157 articuli
1035 1114 1094 1155 isti
1125 1116 1310 1170 impervii
1340 1113 1449 1155 sunt.
1480 1116 1558 1155 Ve-

132 1185 244 1216 rum,
276 1184 321 1212 ut
347 1175 513 1227 ingenue
545 1171 694 1214 fatear,
726 1171 886 1226 quando
916 1172 1018 1212 hanc
1043 1171 1241 1211 Tellinam
1267 1172 1560 1225 pingicurave-

128 1241 212 1267 ram
240 1228 290 1270 ad
314 1243 446 1270 manus
463 1243 543 1269 non
560 1238 643 1269 erat
671 1228 902 1268 Rondeletii
928 1229 1043 1269 Liber
1061 1259 1072 1273 ‚
1104 1242 1223 1282 quare
1239 1229 1294 1268 Os
1311 1230 1392 1280 ejus
1408 1255 1419 1271 ‚
1452 1229 1562 1282 quod

127 1285 177 1324 ad
202 1301 225 1324 a
256 1283 328 1325 effe
351 1286 513 1326 deberet
528 1316 539 1331 ,
568 1287 613 1325 δε
628 1285 761 1325 Anum
779 1284 829 1324 ad
853 1285 874 1325 b
889 1313 900 1329 ‚
918 1299 997 1326 non
1020 1285 1273 1328 examinavi;
1303 1285 1435 1327 Rarae
1452 1285 1557 1339 enim

127 1338 214 1379 sunt
242 1341 347 1394 apud
379 1356 449 1382 nos
481 1340 700 1394 hujusmodi
730 1340 944 1386 Conchae‚
986 1342 1030 1384 &
1052 1355 1129 1381 una
1157 1350 1225 1381 aut
1247 1340 1371 1381 altera
1406 1352 1560 1384 tantum

129 1396 180 1436 ad
210 1412 273 1438 me
299 1399 450 1453 integra
475 1397 594 1439 allata
619 1397 673 1439 est
699 1398 942 1453 temporibus
973 1399 1144 1441 multum
1173 1412 1198 1440 a
1230 1396 1266 1437 se
1294 1396 1428 1440 diffitis
1445 1426 1455 1442 ‚
1490 1401 1562 1439 mi-

128 1454 245 1508 hique
263 1465 357 1496 tunc
375 1455 624 1496 vehementer
640 1466 844 1510 occupato
863 1482 871 1491 -

246 1512 298 1552 ΙΙ.
342 1511 497 1552 Tellina
527 1511 622 1551 haec
652 1512 800 1553 Peloris
831 1526 854 1552 a
883 1512 1128 1553 Rondeletio
1153 1513 1260 1552 dieta
1299 1510 1374 1553 fuit
1394 1543 1404 1558 ‚
1447 1513 1558 1569 quod

131 1567 180 1608 ab
210 1566 414 1609 Athenaeo
443 1567 632 1609 Conchae
661 1581 828 1622 magnae
854 1569 898 1609 ἃ
924 1570 1098 1625 ingentes
1124 1568 1321 1611 Pelorides
1351 1570 1562 1615 dicantur;

128 1623 301 1670 Verum,
331 1636 377 1664 ut
395 1623 474 1679 ipse
496 1623 758 1666 Rondeletius
789 1624 962 1672 fatetur,
1006 1626 1102 1666 haec
1134 1640 1205 1666 nec
1236 1640 1377 1680 magna
1406 1625 1459 1667 est
1490 1641 1563 1668 nec

127 1681 260 1733 ingens
293 1697 303 1726 ;
331 1682 466 1734 Qare
496 1679 523 1723 fi
550 1679 726 1722 chamae
757 1694 919 1735 magnae
951 1683 1089 1725 vocari
1119 1684 1307 1724 deberent
1338 1683 1561 1731 Pelorides,

130 1735 219 1776 illae
249 1735 392 1780 effent,
433 1752 533 1792 quae
563 1735 700 1778 foffiles
732 1739 982 1793 reperiuntur
1014 1741 1054 1781 in
1079 1737 1222 1779 Monte
1252 1740 1384 1780 Sant‘ti
1402 1741 1563 1793 Joannis

127 1795 170 1888 {ln
197 1792 393 1890 Galilaead
404 1792 653 1835 Ariminenfis
683 1793 920 1842 Dioceseus‚
963 1810 1064 1852 quae
1091 1794 1142 1836 ad
1173 1796 1357 1851 pedalem
1388 1797 1568 1853 longitu-

154 1861 257 1889 mem
274 1864 366 1890 acce
394 1862 468 1892 unt
485 1878 494 1888 -

129 1971 288 1999 “insta

610 1974 1566 2005 mmwfflmmffl

439 2076 917 2141 CAPVT
1020 2077 1240 2139 XII.

411 2201 744 2241 Conona
798 2215 968 2243 srur
1027 2202 1279 2242 TrsrA·

122 2307 213 2395 C
231 2307 414 2350 Oncham
434 2308 535 2349 hanc
566 2309 736 2353 nudam,
769 2324 869 2364 quae
884 2309 997 2352 Testa
1019 2321 1152 2354 caret,
1184 2312 1243 2351 uti
1272 2321 1410 2352 carent
1435 2311 1567 2354 Lima-

244 2379 306 2406 ces
332 2365 551 2412 terrestres.
598 2366 750 2423 duplici
782 2367 976 2410 schemate
1017 2370 1187 2424 exprimi
1223 2370 1358 2409 curavi
1390 2369 1487 2410 Tab.
1521 2371 1567 2410 V.

124 2423 311 2476 Qiorum
338 2421 404 2463 sub
435 2424 583 2464 Littera
600 2426 648 2464 G.
676 2425 892 2479 expressum
921 2439 1048 2480 prona
1071 2424 1123 2467 est
1149 2425 1313 2466 Concha
1342 2455 1351 2469 ‚
1385 2439 1484 2480 quae
1517 2428 1571 2466 in-

121 2480 276 2521 terdum
307 2479 431 2536 duplo
459 2482 586 2534 major
615 2481 668 2522 est
695 2481 908 2524 schemate.
951 2482 1120 2524 Dorsum
1147 2483 1292 2523 cinerei
1317 2482 1462 2523 coloris
1489 2482 1567 2526 est,

926 2543 965 2581 O
1479 2553 1571 2580 cute
