1814 2902
515 206 1143 255 M1vasNorrs
1306 222 1309 227 ·
1507 221 1554 261 31

117 312 207 346 nes,
225 312 323 355 quae
351 298 413 340 vel
440 308 584 354 parvae
606 295 693 338 sunt
705 320 720 343 Δ,
750 296 812 337 vel
843 295 1035 336 mediocri
1061 295 1330 349 magnitudine
1357 324 1369 340 ‚
1411 295 1456 334 &
1480 292 1558 333 lae-

121 371 186 398 ves
203 385 214 400 ,
246 358 408 410 citoque
437 357 479 394 in
500 356 629 400 mari,
659 362 704 393 ut
729 353 928 392 Graecum
952 350 1030 392 fert
1058 361 1222 407 etymon
1248 378 1260 395 ‚
1305 349 1559 392 adolescunt.

114 413 268 454 Tellina
297 413 393 453 haec
424 410 537 454 valde
560 409 692 451 fimilis
708 408 761 450 est
786 408 973 463 vulgatae
987 406 1093 449 illius
1118 408 1244 449 altera
1272 419 1387 461 parte
1403 407 1561 465 longioss

118 472 171 511 ris
188 501 213 517 ,γ
228 469 374 524 saporis
392 465 625 522 gratiffimae
642 494 653 510 ‚
665 466 711 505 ὅ(
744 463 973 515 αόορΐοηίει
989 465 1164 519 paranda
1178 462 1398 519 aptiffimae
1413 492 1425 508 ,
1441 479 1562 518 quam

118 527 281 569 Veneti,
313 525 469 566 &Itali
485 523 562 566 fere
577 538 712 565 omnes
731 524 818 563 κατ’
833 520 972 574 ἐξοχὴ
989 521 1184 563 Tellinam
1199 520 1404 578 appellant
1421 549 1428 557 .
1446 521 1562 561 Hanc

118 583 241 625 fasciis
253 581 322 623 suis
348 580 435 622 satis
467 592 560 636 apte
576 581 771 622 cuderunt
798 585 957 636 Operae
979 577 1131 620 nostrae
1147 606 1157 622 ‚
1186 581 1247 620 uti
1272 578 1404 620 videre
1419 577 1473 619 est
1487 577 1563 617 Ta-

116 640 210 683 bula
226 641 298 680 ΙΠ-
317 636 443 694 figura
458 639 531 679 l-V.
558 636 627 679 sub
657 638 790 680 littera
819 639 857 678 A
874 669 883 677 .
911 639 984 678 Sed
1014 650 1101 676 eam
1117 635 1310 691 intelligas
1339 635 1457 677 velim
1488 650 1566 675 ma-

119 699 178 752 gis
206 696 505 752 complanatam
534 723 544 739 ‚
571 705 615 736 ut
645 696 686 736 in
701 693 821 736 titulo
837 693 1082 749 exposuimus
1098 720 1110 737 ‚
1139 694 1206 734 cui
1237 693 1360 741 modo
1378 691 1431 732 nil
1447 691 1566 733 adde-

117 768 159 796 re
182 752 301 795 refert
318 784 326 792 .

173 812 225 852 ΙΙ.
258 809 362 850 Huic
379 808 555 850 Tellinae
584 809 660 850 alia
688 807 742 849 est
764 806 885 849 affinis
916 809 955 848 in
986 808 1122 849 littore
1151 806 1284 848 nostro
1332 821 1413 847 non
1446 804 1561 847 infre-

115 880 237 922 quens
254 894 264 910 ,
297 864 359 907 sed
384 867 535 909 minor,
565 865 691 907 altera
720 877 834 920 parte
865 865 1050 921 longior,
1075 867 1119 906 &
1151 867 1319 920 punicea
1336 890 1345 900 ·

174 925 248 965 ΙΙΙ.
279 924 436 979 Longus
467 923 581 963 nimis
597 921 710 964 effem
727 953 737 967 ,
751 921 778 963 fi
795 922 882 963 heic
898 921 1070 962 Tellinas
1084 935 1219 963 omnes
1238 952 1248 967 ‚
1267 936 1362 976 quas
1391 919 1564 961 summit-

116 983 168 1025 tit
197 980 371 1022 nostrum
381 994 514 1023 mare,
542 979 684 1021 vellem
708 979 871 1021 referre.
900 982 1007 1021 Nam
1031 990 1188 1035 praeter
1203 978 1400 1020 Tellinam
1428 977 1562 1019 fascia-

116 1049 201 1078 tam
226 1037 396 1079 nostram
415 1067 425 1083 ‚
449 1037 493 1076 &
509 1034 712 1090 globosam
726 1036 836 1077 illam
851 1035 1082 1077 Rondeletii
1100 1065 1110 1079 ‚
1140 1037 1183 1076 ὃς
1195 1047 1350 1092 praeter
1367 1037 1460 1077 duas
1477 1033 1563 1075 illas

116 1094 240 1135 altera
256 1107 369 1150 parte
387 1094 586 1148 longiores
603 1121 614 1137 ‚
636 1108 730 1149 quas
752 1094 970 1135 memoravi
988 1124 998 1137 ‚
1015 1095 1264 1135 innumerum
1295 1093 1374 1134 fere
1390 1092 1443 1133 est
1458 1091 1564 1147 apud

115 1166 186 1191 nos
199 1152 443 1192 Tellinarum
472 1164 591 1204 genus
609 1179 620 1194 ‚
650 1149 878 1206 praesertim
894 1149 918 1190 fi
936 1150 986 1190 ad
1001 1159 1064 1190 eas·
1079 1181 1090 1196 ,
1120 1149 1304 1190 Conchas
1329 1149 1472 1190 multas
1505 1150 1564 1189 bi-

116 1207 248 1249 valvas
263 1237 273 1252 ‚
291 1220 338 1249 ut
364 1210 478 1262 ajunt
492 1236 503 1251 ‚
536 1221 763 1248 revocemus
780 1238 790 1252 ,
805 1219 851 1248 ut
867 1206 955 1248 sunt
969 1206 1159 1248 Conchae
1177 1206 1266 1248 illae
1285 1205 1473 1262 pulchrae
1486 1221 1566 1246 ma-

114 1267 218 1319 jores
237 1294 246 1309 ‚
262 1264 380 1306 craffa
395 1264 612 1306 admodum
625 1264 738 1307 Testa
752 1265 880 1305 dictae
898 1295 908 1310 ,
938 1265 981 1304 ὅ(
997 1264 1187 1306 Conchae
1203 1264 1420 1305 clathratae
1439 1292 1448 1306 ‚
1475 1265 1564 1318 My-

116 1321 212 1366 tuli,
243 1322 377 1362 &alia
409 1322 448 1361 id
481 1335 626 1374 genus;
657 1323 887 1362 memorabo
917 1331 1050 1361 tamen
1078 1322 1164 1361 heic
1195 1321 1342 1375 aliquas
1374 1330 1495 1376 prout
1520 1322 1562 1360 in

116 1390 290 1419 mentem
326 1379 508 1419 venerint
524 1405 532 1413 .
566 1380 627 1418 Ac
645 1380 775 1432 primo
805 1377 896 1418 loco
911 1378 1016 1432 apud
1048 1392 1117 1418 nos
1132 1377 1286 1420 Tellina
1303 1377 1356 1419 est
1387 1376 1566 1432 frequen-

115 1432 279 1477 tissima,
299 1435 342 1474 &
358 1432 563 1489 gratiffimi
579 1433 726 1490 saporis
743 1463 752 1477 ,
781 1449 880 1488 quae
896 1435 944 1474 ad
962 1432 1125 1490 opsonia
1156 1436 1329 1490 paranda
1355 1434 1563 1490 postillam

115 1491 240 1533 altera
271 1502 385 1545 parte
415 1491 638 1546 longiorem
667 1490 878 1532 secundum
909 1491 1044 1532 locum
1070 1493 1215 1532 merito
1245 1493 1422 1532 obtinet.
1454 1491 1563 1532 Haec

117 1548 283 1603 pulchre
298 1549 499 1601 variegata
514 1546 568 1588 est
584 1547 695 1587 lineis
708 1549 855 1602 jugiter
872 1549 912 1588 in
929 1546 960 1587 se
978 1547 1131 1589 reflexis
1146 1579 1156 1594 ,
1172 1546 1234 1588 seu
1250 1546 1392 1603 rugosis
1410 1577 1417 1584 .
1451 1548 1564 1588 Hanc

119 1606 242 1660 vulgo
274 1603 395 1645 nostri
419 1604 645 1645 Paveraccia
675 1605 901 1660 appellant,
933 1607 1160 1646 cuirecenti
1195 1604 1369 1646 inhaeret
1395 1607 1566 1661 plerum-

116 1676 192 1717 que
215 1663 343 1702 urtica
359 1660 553 1714 quaedam
570 1662 723 1700 marina
754 1663 885 1702 minor
900 1689 910 1704 ,
941 1676 1058 1715 quam
1076 1663 1264 1703 Podicem
1283 1664 1476 1704 marinum
1494 1665 1567 1702 mi-

116 1731 255 1760 norem
285 1716 453 1758 secstione
483 1718 599 1758 tertia
629 1717 823 1758 dicemus.
855 1717 943 1758 Post
958 1719 1057 1758 hanc
1076 1721 1186 1759 venit
1201 1719 1355 1760 Tellina
1380 1719 1456 1760 alia
1474 1719 1564 1760 huic

121 1774 237 1816 valde
254 1773 386 1815 similis
401 1803 412 1818 ,
444 1772 508 1815 sed
524 1776 652 1827 major
669 1801 680 1817 ‚
711 1776 931 1818 candidior,
949 1789 993 1815 ac
1011 1790 1110 1831 pene
1123 1775 1267 1816 lactea.
1286 1776 1398 1819 Hanc
1417 1777 1568 1832 Pisciot-

116 1844 158 1873 ta
174 1841 321 1872 vocant
337 1858 347 1873 ‚
378 1830 486 1884 quod
503 1830 594 1870 loco
610 1832 737 1870 carnis
759 1832 887 1871 multo
903 1831 1071 1872 humore
1098 1832 1141 1872 fit
1160 1832 1302 1873 referta
1320 1865 1328 1879 ‚
1349 1849 1481 1874 macra
1497 1832 1563 1877 est,

118 1889 299 1928 &minus
317 1889 419 1941 grati
435 1886 582 1943 saporis
598 1915 607 1924 .
641 1887 746 1928 Huic
760 1887 883 1930 affinis
900 1903 980 1943 quo
996 1889 1045 1929 ad
1064 1890 1379 1943 magnitudinem
1407 1890 1458 1930 est
1473 1891 1567 1931 Tel-

117 1945 197 1985 lina
212 1942 272 1984 seu
289 1943 458 1985 Concha
486 1942 644 1984 fasciata
673 1945 904 1986 Rondeletii
920 1976 931 1991 ‚
955 1946 1004 1986 de
1019 1960 1098 2000 qua
1117 1945 1228 2002 supra
1255 1976 1264 1991 ,
1297 1962 1416 2002 quam
1445 1949 1566 1990 Pave-

116 2006 239 2043 raccia
256 2003 454 2043 Cavallina
485 2001 572 2041 heic
601 2001 722 2054 aliqui
737 2014 908 2046 vocanr3
941 2004 1066 2043 minus
1083 2005 1186 2057 grati
1205 2002 1351 2059 saporis
1383 2007 1427 2045 ὃ(
1458 2004 1563 2060 ipsa,

120 2061 296 2112 quamvis
316 2057 413 2098 facie
430 2068 594 2113 propter
624 2060 752 2098 varios
769 2058 919 2099 colores
952 2073 1029 2099 non
1046 2060 1230 2115 ignobilis
1250 2094 1256 2100 .
1289 2062 1455 2103 Concha
1471 2060 1568 2103 cras·

121 2114 160 2156 sa
174 2115 392 2156 admodum
407 2114 520 2156 Testa
537 2114 645 2156 didra
659 2116 709 2155 ad
726 2115 896 2156 Tellinas
928 2131 1085 2172 quoque
1103 2118 1237 2159 referri
1269 2118 1396 2174 potest
1412 2148 1422 2162 ,
1455 2133 1567 2174 prae-

120 2171 251 2213 sertim
282 2186 417 2212 earum
450 2174 617 2213 minores
636 2201 646 2215 ‚
679 2187 774 2226 quas
800 2173 929 2214 nescio
954 2190 1001 2213 an
1026 2174 1194 2228 ejusdem
1227 2179 1373 2230 generis
1418 2175 1491 2217 fint
1519 2191 1565 2218 ac

119 2232 309 2282 majoreS.
341 2230 396 2269 Os
430 2231 578 2270 interne
609 2229 894 2271 denticulatum
928 2231 1074 2272 habent
1103 2263 1111 2276 ‚
1143 2235 1184 2273 &
1217 2232 1445 2274 exstrinsece
1477 2232 1565 2275 sunt

118 2285 275 2342 pulchri
301 2285 470 2326 flammei
497 2287 640 2327 coloris
658 2320 665 2324 .
683 2287 850 2328 Concha
879 2291 1026 2345 pariter
1044 2289 1236 2330 clarlnata
1269 2291 1360 2330 licet
1378 2293 1562 2335 maxima,

119 2344 162 2383 &
179 2342 280 2398 apud
307 2357 375 2382 nos
408 2358 518 2386 rara,
551 2343 599 2383 ad
614 2344 783 2385 Tellinas
816 2345 868 2386 est
902 2347 1149 2386 revocanda·
1184 2348 1332 2389 Glabra
1357 2352 1461 2389 enim
1483 2350 1537 2390 est
1554 2378 1564 2392 ,

120 2411 168 2440 ut
197 2401 243 2439 ad
262 2400 417 2457 Ostreas
436 2429 444 2442 ‚
463 2401 525 2441 vel
543 2401 710 2442 Chamas
728 2433 737 2447 ‚
756 2403 1007 2458 Pec'iinesque
1024 2419 1104 2444 non
1130 2403 1246 2457 poflit
1263 2405 1399 2447 referri
1420 2438 1424 2442 .
1455 2409 1563 2447 Con-

120 2456 196 2498 cha
227 2459 380 2510 inluper
410 2458 639 2514 Tetragona
669 2457 729 2500 seu
762 2461 999 2503 Naviculam
1030 2460 1226 2508 referens,
1256 2478 1356 2520 quae
1386 2464 1562 2519 pulchris

1450 2522 1562 2562 lineis
