1814 2902
570 216 849 259 MINVS
908 211 1185 254 NoTls
1532 226 1585 262 27

134 304 314 359 Fungites
341 303 487 360 lapidei
508 301 769 358 complicati,
798 301 844 349 ὃς
872 312 954 338 non
982 306 1066 337 tam
1095 293 1254 355 patuli,
1284 304 1331 341 ut
1354 293 1439 342 sunt
1461 294 1585 349 Fungi

135 360 282 414 lapidei
310 358 360 401 fic
390 360 511 407 dieti,
605 365 609 367 ’

523 519 930 595 CAPVT
1011 516 1214 575 XXI.

166 637 446 678 Nmurvn
491 651 551 677 Ex
589 651 723 678 Anno
760 646 931 677 Rvnna
976 644 1285 673 TRICORNEA
1324 643 1583 680 tAmA‘rA,

224 707 282 733 Μ·
319 707 623 735 coenum-a
671 702 929 734 »rr-roms
967 690 1370 737 Annumznsm.
1415 690 1582 736 Banna

228 763 386 791 sucus
427 742 750 792 εὸεΗιεΑτΛ,
783 759 886 799 Non
925 758 1179 794 {Anu-ra.

140 857 235 943 D
253 856 330 898 VO
360 858 595 902 Neritarum
640 871 781 911 genera
820 856 1002 897 continet
1039 852 1219 908 praesens
1260 850 1398 891 titulus
1432 879 1443 895 ,
1483 867 1583 908 quae

140 944 203 952 .„...
265 915 452 965 quoniam
492 914 682 954 medioeri
710 925 879 966 corpore
908 909 996 951 sunt
1028 914 1042 953 ,'
1079 911 1124 951 &
1160 912 1241 962 ejus
1277 908 1580 963 magnitudinis,

137 981 218 1021 qua
246 972 286 1009 in
314 969 467 1022 Tabula
496 970 567 1009 III.
609 967 733 1025 figura
759 969 833 1021 111.
866 966 934 1007 sub
964 966 1107 1012 litteris
1138 967 1176 1013 G
1206 967 1251 1008 &
1285 965 1311 1012 F
1341 965 1582 1012 cernuntur,

136 1026 337 1069 Neritulas
353 1025 575 1081 appellavi.
609 1027 788 1078 Qarum
819 1039 924 1069 una,
952 1037 1053 1077 quae
1081 1037 1125 1063 os
1156 1023 1275 1070 habet
1307 1019 1462 1068 crassius
1493 1019 1584 1077 spis-

135 1080 280 1136 fiusque
297 1113 309 1129 ‚
335 1083 380 1123 δε
404 1080 545 1124 sursum
574 1081 873 1137 quodammodo
898 1079 1092 1122 reflexum
1107 1110 1119 1126 ,
1149 1079 1340 1127 labiatam
1355 1077 1581 1132 appellavi-

137 1137 280 1180 Altera
295 1138 349 1180 est
363 1154 433 1180 ore
451 1138 546 1179 exili
564 1170 574 1185 ,
590 1140 634 1180 ὃ(
664 1154 834 1194 corpore
850 1138 1080 1193 plerumque
1096 1137 1265 1183 minori,
1299 1132 1362 1175 sed
1376 1134 1500 1189 ¹tnagis
1516 1148 1587 1174 co-

135 1193 293 1235 chleato
308 1223 316 1231 .
340 1194 459 1235 Velut
475 1195 668 1238 terrestres
700 1197 876 1246 Limaces
909 1192 1074 1243 fundum
1091 1193 1209 1236 maris
1235 1189 1465 1246 perreptatit
1481 1220 1492 1235 ‚
1517 1188 1580 1237 sed

134 1249 276 1300 incessu
302 1253 523 1294 tricorneae
540 1252 724 1293 videntur
742 1280 752 1294 ‚
768 1252 862 1306 quia
897 1261 1053 1303 praeter
1069 1248 1149 1290 duo
1163 1262 1337 1291 cornua,
1367 1248 1407 1291 in
1443 1246 1583 1301 quibus

135 1307 272 1347 oculos
287 1317 429 1361 gerunt
447 1338 457 1352 ‚
487 1309 648 1359 tertium
667 1311 706 1348 in
724 1308 857 1349 medio
882 1306 1003 1355 altius
1019 1305 1214 1347 attollunt
1230 1303 1346 1345 instar
1360 1315 1553 1346 antennae
1571 1333 1583 1350 ,

136 1363 245 1416 quod
261 1374 501 1410 excavatum
518 1363 570 1404 est
586 1364 693 1410 velut
708 1362 948 1412 canaliculus
978 1376 1049 1417 per
1066 1361 1356 1415 longitudinem
1374 1359 1553 1409 dissectus
1569 1387 1579 1404 ‚

133 1432 252 1470 ,quern
281 1420 546 1471 canaliculum
576 1419 636 1460 seu
662 1431 874 1460 antennam
906 1446 916 1461 ‚
949 1416 1231 1462 Proboscidem
1261 1416 1476 1472 quamdam
1508 1415 1579 1458 effe

136 1486 238 1529 puto
255 1475 345 1516 loco
359 1478 435 1516 oris
452 1506 461 1519 ‚
477 1487 521 1516 ut
540 1477 578 1516 in
596 1475 740 1516 Muscis
757 1478 800 1528 ὃς
815 1476 854 1515 in
870 1475 1139 1530 Papilionibus
1161 1472 1403 1528 quibusdam
1418 1474 1586 1521 noctur«.-

138 1531 221 1570 nis.
254 1531 468 1573 Observavi
498 1533 616 1572 etiam
645 1533 836 1585 Turbines
870 1532 1046 1585 virgatos
1077 1559 1087 1574 ‚
1119 1543 1217 1585 quos
1246 1528 1420 1583 sequenti
1449 1530 1581 1582 capite

138 1586 356 1629 describam
387 1588 461 1636 *effe
479 1589 698 1633 tricorneos
715 1618 724 1628 .
752 1590 816 1628 An
845 1585 1021 1628 universa
1050 1586 1317 1628 Cochlearum
1342 1587 1581 1633 marinarum

139 1656 281 1696 genera
299 1672 309 1688 ,
337 1646 499 1684 Neritae
529 1658 671 1698 nempe
687 1671 696 1686 ‚
720 1645 913 1686 Turbines
931 1671 942 1686 ‚
972 1646 1173 1697 Purpurae
1190 1669 1200 1685 ,
1228 1643 1398 1691 Buccina
1414 1669 1425 1686 ‚
1457 1643 1500 1682 &
1518 1655 1580 1682 ce-

137 1708 222 1739 tera
235 1699 462 1753 hujusmodi
478 1698 558 1740 smt
575 1701 773 1741 tricornea
790 1727 799 1742 ‚
818 1714 899 1741 non
928 1697 1045 1743 aufim
1062 1697 1257 1740 affirmare
1273 1727 1283 1742 ‚
1315 1713 1453 1740 verum
1469 1697 1582 1739 valde

140 1754 310 1796 dubito.
337 1759 497 1798 Praeter
521 1756 589 1808 ‘has
616 1756 711 1809 duas
741 1756 1016 1799 Neritularum
1048 1755 1190 1810 species
1209 1783 1219 1799 ‚
1252 1755 1295 1795 &
1325 1766 1482 1808 praeter
1506 1756 1580 1796 tria

138 1809 358 1852 Turbinum
387 1815 630 1867 yirgatorum
656 1827 799 1866 genera
829 1839 840 1855 ‚
886 1826 986 1865 quae
1013 1812 1149 1854 omnia
1180 1812 1377 1860 tricornea
1408 1810 1479 1860 effe
1507 1813 1579 1853 ob-

139 1865 312 1916 servavi,
341 1869 390 1909 ab
407 1870 622 1910 Reamurio
639 1871 679 1910 in
696 1870 806 1911 Ac‘tis
836 1868 1073 1915 Academiae
1105 1865 1318 1907 Parifienfis
1347 1869 1438 1908 anni
1459 1881 1576 1916 1710.

138 1920 261 1976 figura
291 1939 442 1966 xv111.
491 1926 636 1979 ingitur
661 1927 875 1973 Buccinum
892 1924 1094 1978 quoddam
1110 1936 1278 1978 parvum
1309 1924 1577 1970 tricorneum‚

139 1977 203 2021 seu
218 1994 310 2021 cum
324 1941 561 2031 Proboscide
578 2009 588 2024 ‚
617 1980 678 2022 sed
695 1982 741 2023 de
758 1981 831 2022 hac
847 1978 1082 2027 Proboscide
1098 1979 1206 2029 nulla
1222 1977 1270 2023 fit
1285 1981 1437 2029 mentio
1455 2010 1464 2027 ,
1493 1980 1579 2024 Hae

142 2036 348 2078 Neritulae
375 2037 607 2093 operculum
638 2037 786 2079 habent
814 2068 826 2082 ,
855 2037 963 2093 quod
993 2037 1088 2078 dum
1114 2052 1184 2093 per
1210 2035 1319 2080 littus
1348 2047 1510 2090 reptant
1534 2039 1576 2079 in

142 2095 394 2135 extremitate
408 2108 548 2145 carnea
564 2106 705 2150 gerunt
722 2122 732 2137 ‚
765 2107 937 2149 quocum
965 2105 1106 2149 captae
1135 2091 1171 2133 se
1200 2093 1239 2132 in
1264 2093 1432 2142 domum
1470 2091 1576 2135 fuam

142 2150 340 2204 recipiunt
357 2178 369 2194 ‚
395 2152 439 2202 δί
453 2150 690 2193 clauduntur
708 2179 716 2188 .
734 2153 869 2204 Qare
884 2182 896 2197 ,
924 2162 969 2191 ut
983 2152 1134 2205 optime
1148 2150 1305 2191 notavit
1324 2150 1545 2198 Bonannius
1563 2180 1576 2195 ,

149 2206 372 2261 Conchylia
397 2210 529 2249 omnia
557 2208 728 2254 bivalvia
757 2209 837 2249 dici
862 2207 1018 2263 possunt
1033 2237 1045 2252 ,
1072 2206 1135 2248 sed
1159 2206 1210 2259 ab
1227 2204 1283 2247 his
1302 2207 1443 2257 Nuces,
1463 2209 1581 2255 mari..

146 2274 217 2301 nae
234 2290 244 2305 ‚
275 2275 318 2303 ut
337 2264 503 2305 vidimus
520 2295 529 2310 ,
546 2262 632 2305 sunt
648 2266 901 2320 excipiendae
918 2293 928 2308 ‚
947 2279 1046 2318 quae
1062 2276 1275 2318 numquam
1289 2260 1472 2303 universo
1485 2277 1578 2305 cor-

144 2330 242 2377 pore
260 2347 270 2362 ‚
287 2321 393 2374 quod
412 2335 597 2375 magnum
613 2323 656 2364 ὃς
671 2322 788 2378 plane
810 2322 1107 2377 cartilagineum
1121 2319 1175 2368 est
1188 2347 1200 2364 ‚
1229 2321 1334 2360 intra
1349 2318 1567 2370 Cochlearn

143 2374 249 2422 suam
279 2375 314 2418 se
343 2378 562 2432 recipiunt.

796 2489 929 2536 'D2
1484 2491 1577 2535 CA-
