1814 2902
190 241 266 274 114
522 229 890 275 APPENDIX
935 233 1285 279 SECVNDA:

181 315 382 358 interdum
409 329 505 360 vero
521 320 680 362 Conum
711 321 902 363 inversum
924 323 1185 378 repraesentat
1201 352 1211 369 ‚
1241 336 1287 367 ut
1301 323 1355 367 est
1370 325 1467 370 illud
1494 329 1544 371 ad
1559 332 1605 373 C.

185 372 322 414 eadem
335 374 488 416 Tabula
504 391 515 421 ;
540 374 604 418 sed
620 378 819 419 interdum
835 377 982 435 figurae
999 381 1221 436 irregularis
1237 381 1291 423 est
1303 413 1314 428 ‚
1345 384 1603 428 &carnosum

179 443 302 483 quum
319 427 366 471 fit
382 433 505 473 varias
522 431 666 475 formas
682 436 811 476 induit
827 465 837 479 ,
869 452 960 477 nam
989 437 1087 479 illud
1104 436 1227 494 ipsum
1244 467 1254 483 ,
1285 441 1392 495 quod
1420 442 1603 488 conicum

176 485 286 526 estin
301 485 399 528 statu
415 491 607 537 naturali,
622 490 648 532 fi
664 491 962 534 horizontaliter
975 494 1213 540 collocetur,
1230 496 1506 550 complanatur
1524 528 1535 543 ,
1559 499 1602 538 &

177 551 272 584 tunc
288 547 458 599 pyramis
475 547 647 601 depreffa
670 561 838 604 apparet
852 578 863 594 ‚
895 552 938 592 ὅ(
952 548 978 591 fi
991 552 1220 593 obvertatur
1251 564 1388 595 vertex
1417 556 1509 594 coni
1523 552 1603 595 sen-

177 597 246 640 fim
275 601 537 655 deprimitur,
567 614 613 644 ut
643 606 905 660 cylindricum
933 608 1175 663 Alcyonium
1194 622 1385 663 appareat
1402 638 1410 646 -
1442 610 1507 650 Ad
1523 625 1604 652 ma-

177 671 298 712 gnam
327 658 474 700 molem
498 661 699 702 interdum
727 661 912 719 affurgit‚
945 675 990 705 ut
1020 663 1287 720 sesquipedalis
1317 665 1363 707 fic
1391 665 1602 720 longitudi-

175 716 259 760 nis,
288 715 332 755 &
347 715 479 769 pedali
509 716 746 764 latitudine3
776 731 886 773 grate
899 721 983 762 olet
1001 749 1010 764 ‚
1041 723 1084 762 &
1100 720 1302 763 diffeetum
1333 725 1459 765 varias
1486 720 1602 764 fibras

176 769 369 816 ostendit,
400 787 499 828 quae
525 774 638 817 albae
667 776 780 821 sunt,
809 779 1149 819 red‘taeinterdum
1169 806 1180 822 ‚
1212 778 1275 820 sed
1301 779 1531 836 plerumque
1547 781 1603 819 in-

175 836 332 872 tortae,
373 842 418 870 ut
446 831 681 873 vermiculos
707 833 956 887 imperfectos
986 834 1180 878 referant,
1224 837 1293 890 qui
1321 837 1468 877 lateant
1495 839 1600 877 intra

175 898 319 940 corpus
350 885 428 927 hoc
460 888 669 945 pulposum
699 889 1009 944 carnosumque‚
1039 892 1145 945 quod
1173 891 1308 933 colore
1323 893 1600 947 Cydoniorum

174 943 265 995 gelu
287 942 407 984 refert
422 972 431 987 ‚
464 943 527 985 seu
543 946 677 989 melius
706 947 880 988 radicem
903 949 1021 989 Betae
1048 948 1201 988 rubrae?
1216 962 1403 989 romanae
1432 949 1572 989 assatae
1589 975 1599 985 ·

172 996 307 1039 Fibrae
324 1000 414 1051 illae
444 1002 618 1044 intortae
634 1004 866 1045 vermiculos
885 1004 1090 1045 referentes
1109 1032 1118 1047 ‚
1134 1006 1177 1044 &
1201 1003 1311 1047 albae
1327 1016 1542 1045 cernuntur
1558 1006 1601 1044 in

172 1067 287 1110 parte
313 1056 471 1099 diffecsta
487 1060 536 1099 D.
568 1062 612 1100 &
628 1059 759 1101 ablata
789 1076 812 1101 a
841 1059 964 1115 figura
978 1064 1024 1103 C·
1042 1063 1082 1101 in
1098 1071 1208 1117 parte
1238 1061 1271 1102 d.
1289 1060 1454 1102 Fortasse
1480 1061 1529 1101 ad
1546 1063 1600 1102 in-

171 1111 365 1155 sectorum
391 1116 529 1157 nidum
559 1117 805 1159 referendum
820 1117 874 1157 est
888 1119 965 1159 hoc
993 1117 1235 1174 praegrande
1251 1117 1438 1173 Alcyonii
1454 1131 1571 1172 genus
1587 1146 1599 1163 ,

172 1171 280 1224 quod
299 1170 461 1213 infixum
480 1173 711 1229 plerumque
733 1177 772 1214 in
789 1176 1007 1231 petrobryo
1023 1175 1055 1216 h.
1070 1176 1113 1215 &
1128 1191 1156 1216 e·
1173 1178 1367 1231 reperitur
1386 1205 1393 1211 -
1601 1209 1604 1216 ,

229 1227 275 1267 11.
307 1229 417 1269 Dum
433 1229 529 1271 haec
553 1231 764 1273 edebantur
781 1231 897 1273 allata
914 1230 999 1273 sunt
1027 1233 1124 1274 mihi
1140 1235 1246 1275 varia
1277 1233 1392 1287 hujus
1410 1234 1600 1289 Alcyonii

170 1284 352 1341 exempla
369 1314 380 1329 ‚
409 1301 458 1329 ex
473 1289 612 1342 quibus
629 1292 802 1346 cognovi
818 1290 1004 1343 Januario
1023 1293 1067 1331 ὃς
1083 1291 1293 1331 Februario
1323 1289 1450 1332 mense
1464 1306 1509 1331 ea
1525 1291 1599 1332 effe

169 1342 287 1382 rubra
302 1373 314 1388 ‚
345 1343 514 1398 pulposa
530 1374 541 1390 ,
571 1347 739 1388 odorata
756 1375 767 1391 ‚
785 1350 827 1388 &
850 1346 1113 1388 confistentiae
1130 1347 1252 1387 veluti
1283 1346 1374 1400 gelu
1389 1347 1599 1400 Cydonio.

168 1412 258 1439 rum
281 1430 293 1445 ‚
334 1399 394 1441 seu
411 1429 422 1445 ‚
454 1410 499 1443 ut
528 1405 663 1445 melius
693 1405 870 1446 dixeram
887 1433 897 1448 ,
930 1405 1072 1445 radicis
1099 1405 1216 1444 Betae
1247 1403 1385 1443 rubrae
1408 1416 1597 1445 romanae

169 1454 310 1498 affatae
326 1488 337 1502 ,
361 1474 497 1500 verum
527 1463 635 1503 circa
662 1459 780 1503 finem
814 1460 945 1503 menfis
964 1461 1100 1505 Martii
1129 1473 1310 1501 naturam
1334 1471 1491 1500 mutant
1507 1490 1516 1505 ,
1551 1461 1595 1500 &

168 1510 241 1553 suis
267 1513 414 1556 sedibus
441 1518 570 1558 avulsa
585 1521 625 1559 in
642 1518 799 1560 massam
816 1518 1061 1576 spongiosam
1078 1549 1089 1564 ‚
1113 1517 1224 1572 'quafl
1243 1518 1414 1571 ligneam
1431 1531 1595 1558 conver-

166 1579 306 1609 tuntur
335 1570 591 1609 foraminihne
609 1574 817 1607 seat-nurgum
837 1604 845 1610 „
869 1578 912 1605 ,ἣν
927 1575 1018 1606 ssavi
1035 1575 1179 1605 enlm-ic
1200 1602 1208 1606 ,
1226 1589 1327 1619 qnas-
1355 1575 1464 1620 aqnis
1483 1575 1593 1613 inna-

165 1634 227 1664 tat
243 1650 254 1666 ‚
269 1619 353 1662 &fi
368 1621 572 1664 diffecetur
589 1653 600 1669 ,
631 1621 824 1663 foramina
856 1622 923 1662 illa
952 1625 1105 1674 majora
1123 1632 1319 1675 apparent
1343 1622 1565 1666 intrinsecus
1580 1654 1593 1669 ,

165 1691 211 1720 ut
228 1691 442 1720 cernuntur
473 1681 513 1719 in
544 1677 705 1720 frustulo
732 1678 803 1719 illo
834 1677 994 1719 diffec'to
1016 1709 1025 1723 ,
1054 1677 1097 1718 δέ
1116 1680 1153 1717 in
1169 1679 1267 1719 Tab-
1287 1679 1398 1720 VIII·
1431 1678 1500 1720 sub
1530 1681 1593 1722 lit-

164 1746 248 1778 tera
265 1737 300 1776 B.
333 1736 570 1777 aVitaliano
601 1737 765 1777 Donato
794 1736 918 1777 relato
936 1763 946 1779 ‚
978 1736 1085 1791 quod
1112 1737 1339 1790 portionem
1356 1735 1426 1776 effe
1440 1736 1589 1792 Alcyo.

166 1795 220 1834 nii
248 1795 366 1848 primi
388 1791 630 1834 Dioscoridis
659 1793 829 1834 credidit
846 1821 856 1836 ‚
889 1792 1074 1847 deceptus
1086 1791 1198 1848 ⁴quod
1216 1792 1412 1834 interdum
1441 1793 1592 1849 Alcyo-

165 1852 228 1893 nia
252 1849 320 1892 ista
344 1849 580 1892 foraminosa
597 1848 743 1905 figurae
772 1849 967 1889 rotundae
995 1847 1067 1891 fint
1083 1879 1092 1893 ,
1126 1860 1170 1888 ut
1197 1847 1250 1887 est
1273 1849 1369 1889 illud
1387 1848 1589 1893 Dioscori-

164 1907 249 1955 dis,
280 1908 387 1961 quod
418 1907 468 1947 ad
500 1909 702 1960 ingentem
741 1905 887 1945 molem
914 1902 1112 1947 interdum
1144 1903 1357 1949 excrescit,
1386 1905 1591 1949 &Turca-

164 1977 253 2004 rum
282 1965 442 2006 Tiaram
467 1963 583 2003 refert
612 1994 623 2009 ,
657 1964 701 2002 &
730 1974 944 2016 propterea
973 1977 995 2002 a
1035 1961 1168 2002 nostris
1201 1961 1384 2002 Turbam
1413 1961 1586 2004 dicitur.

164 2021 362 2076 Alcyonia
378 2018 444 2061 ista
461 2017 696 2061 foraminosa
711 2017 904 2061 exsiccata
929 2017 1075 2060 flavum
1092 2017 1269 2059 colorem
1299 2018 1512 2060 amittunt,
1542 2020 1587 2060 &

163 2078 399 2133 nigricantia
426 2088 647 2134 apparent,
678 2091 759 2118 non
788 2077 938 2131 ingrate
968 2077 1103 2122 olent,
1133 2074 1197 2116 sed
1214 2075 1315 2116 odor
1336 2073 1504 2115 diversus
1534 2074 1587 2117 est

163 2148 186 2174 a
214 2135 434 2176 recentibus
451 2161 460 2171 .

236 2193 308 2232 III.
355 2192 501 2233 Eodem
533 2202 713 2247 tempore
743 2190 863 2232 allata
898 2189 985 2231 sunt
1014 2189 1111 2231 mihi
1142 2203 1314 2244 corpora
1344 2190 1469 2230 multa
1497 2189 1582 2230 illa-

162 2264 252 2290 rum
281 2263 411 2289 rerum
441 2278 451 2292 ‚
490 2263 590 2304 quae
635 2249 738 2290 idem
767 2249 983 2289 Vitalianus
1028 2250 1207 2287 Donatus
1239 2246 1371 2301 Tethya
1396 2247 1582 2302 sphaerica

162 2307 434 2359 nuncupavit,
475 2305 536 2347 sed
561 2321 659 2361 quae
691 2305 827 2346 melius
860 2304 1099 2346 Holothuria
1129 2303 1308 2348 dixiffet,
1348 2305 1507 2358 quando
1535 2318 1581 2345 ea

160 2362 357 2419 supponat
376 2363 425 2403 ab
441 2362 523 2403 aliis
554 2363 787 2418 corporibus
804 2377 853 2404 ex
885 2375 1024 2403 natura
1043 2360 1105 2401 sua
1129 2360 1200 2401 esse
1236 2361 1401 2400 omnino
1430 2360 1551 2400 libera
1567 2391 1578 2406 ‚

160 2420 204 2459 δε
236 2429 389 2460 tantum
419 2421 459 2458 in
490 2419 683 2461 senectute
712 2422 757 2460 iis
786 2419 969 2464 haerere;
1002 2433 1136 2460 verum
1168 2416 1250 2458 sunt
1281 2416 1426 2473 semper
1444 2419 1581 2457 Petro-

160 2477 265 2532 bryis
284 2475 396 2518 valde
411 2475 611 2519 haerentia
627 2506 638 2522 ‚
669 2479 713 2519 ὃς
729 2478 775 2518 iis
789 2474 817 2518 fi
832 2491 912 2518 non
942 2476 1130 2518 haereant
1147 2504 1158 2521 ,
1188 2476 1417 2521 cicatricem
1434 2474 1579 2514 habent

1487 2543 1577 2569 curn
