1814 2902
400 218 712 262 AESTVS
772 213 1247 257 MARITIMI
1507 208 1556 262 5'9

102 314 160 351 tia
188 307 314 363 duplo
346 304 426 348 fere
455 307 582 358 major
611 302 665 345 est
692 317 740 344 ac
770 301 877 356 apud
907 315 1006 346 nos,
1035 314 1158 354 quum
1189 297 1254 339 lex
1282 297 1399 358 pedes
1418 298 1562 339 Veneti

104 365 369 422 quadraginta
395 362 551 403 circiter
567 361 708 401 Vncias
732 356 876 399 nostras
898 356 1072 397 efficiant
1087 387 1096 396 .
1122 355 1308 396 Eamdem
1328 355 1562 410 proportio-

106 436 197 462 nem
226 421 347 461 habet
375 418 424 459 ad
449 417 594 458 aestum
611 416 771 465 Oceani,
785 415 826 454 in
840 413 1118 468 Dunquerquii
1141 415 1271 469 Portu
1289 438 1300 453 ‚
1327 426 1415 468 nam
1432 411 1488 451 ibi
1504 421 1564 468 te·-

104 470 347 520 ste⁵Baertio
379 475 420 516 in
450 472 563 514 Actis
594 468 1082 524 AcademiaeParifienfis
1107 468 1199 508 anni
1231 480 1430 517 ‚croroccr
1464 495 1474 509 ‚
1519 460 1563 509 δε

109 546 336 576 crmoccn.
374 533 516 585 mador-
539 524 710 570 elevatio
736 529 856 571 Maris
893 529 1069 582 quinque
1103 524 1168 568 vel
1202 522 1275 566 sex'
1305 523 1424 565 Pedes
1456 521 1563 565 Pari-

104 590 232 633 sxenses
251 605 331 631 non
347 589 505 637 excedit
520 616 531 632 ‚
564 588 607 628 &
636 589 706 629 Pes
734 581 944 627 Parifienfis
960 585 1153 625 Venetum
1183 594 1264 622 non
1288 581 1445 637 superat
1459 608 1470 624 ,
1496 583 1565 622 im·-

107 663 175 689 mo
191 663 213 689 a
229 649 384 689 veneto
400 660 545 688 novem
560 643 670 685 lineis
686 644 846 686 circiter
867 640 1068 697 superatur
1084 671 1096 687 ,
1125 650 1342 697 propterea
1372 637 1565 696 subdupla.

105 707 180 746 erit
210 705 423 760 proportio
452 701 572 743 aestus
589 702 708 742 Maris
743 698 863 741 nostri
891 698 1017 740 relate
1045 697 1095 738 ad
1128 710 1190 738 eas
1207 697 1347 738 Vrb'eis
1371 726 1383 742 ‚
1417 694 1445 737 fi
1473 710 1566 738 vera.

107 760 191 802 sunt
206 792 218 808 ,
233 775 334 817 quae
359 770 523 800 narrant
541 758 739 799 Galilaeus
756 785 767 801 ,
782 760 825 807 ὅ(
844 757 1016 798 Baertius
1036 787 1042 794 .
1076 756 1223 799 Mirum
1247 765 1383 794 tamen
1415 752 1470 793 est
1484 766 1566 807 quo

105 818 229 858 modo
245 817 366 870 aliqui
378 814 546 859 aflerant
577 813 671 855 teste
689 815 716 855 's
733 813 999 856 Gravesandio
1027 816 1073 861 (a
1086 817 1105 863 )¹
1128 813 1169 852 in
1186 812 1396 867 'Britannia
1412 838 1424 853 ,
1456 824 1567 865 prae-

105 871 234 914 sertim
250 873 299 914 ad
321 871 537 913 Eristoliam
553 902 564 917 ,
589 871 851 927 quadraginta
866 873 1036 925 quinque
1053 869 1219 922 Pedibus
1236 870 1403 920 majores
1419 864 1539 908 aestus
1553 896 1566 913 ,

105 931 150 970 ὀί
179 931 498 984 vigintiquinque
514 930 685 969 minores
701 928 898 970 contineri
912 923 932 971 ,’
954 940 1078 982 quum
1104 936 1237 967 tamen
1261 925 1463 965 Britannia
1480 952 1491 968 ‚
1522 924 1567 964 &

104 984 302 1029 Tamesis,
329 987 378 1026 de
409 988 519 1039 cujus
549 984 652 1026 aestu
686 984 823 1027 fimilia
848 984 926 1027 fere
955 994 1167 1025 narrantur
1190 1013 1202 1029 ‚
1231 998 1312 1023 non
1343 980 1514 1022 multum
1543 996 1568 1023 a

107 1043 240 1083 Gallia
258 1073 269 1088 ‚
303 1043 346 1082 δε
372 1057 394 1082 a
417 1043 692 1096 Dunquerquii
710 1045 832 1083 Portu
850 1040 1016 1083 distent.
1051 1040 1185 1092 Qare
1212 1039 1273 1081 vel
1303 1053 1414 1080 error
1427 1037 1566 1092 aliquis

107 1099 162 1140 est
194 1101 234 1140 in
262 1098 451 1140 mensuris
481 1099 556 1140 illis
584 1096 843 1145 Britannicis,
872 1099 932 1139 vel
959 1100 1132 1138 Baertius
1172 1099 1342 1149 majores
1359 1093 1498 1135 aestus
1527 1096 1567 1134 in

110 1157 235 1197 Portu
253 1156 324 1196 illo
341 1158 684 1211 Dunquerquiano
714 1171 792 1197 non
817 1154 1040 1196 observavit
1056 1182 1067 1198 ,
1083 1152 1156 1205 sed·
1174 1163 1333 1193 'tantum
1349 1153 1542 1198 minimos
1559 1183 1568 1191 .

109 1212 223 1253 Patet
245 1214 369 1268 igitur
397 1227 460 1253 me
493 1225 574 1251 non
601 1210 736 1252 frustra
751 1210 802 1252 ab
819 1212 936 1252 initio
951 1209 1099 1265 rogasse
1129 1209 1267 1252 Gallos
1285 1238 1296 1253 ‚
1325 1206 1474 1266 rogasse
1488 1209 1570 1259 Bri-

110 1279 251 1310 tannos
269 1298 279 1312 ,
297 1268 447 1322 rogasse
461 1280 611 1309 ceteros
629 1296 639 1311 ‚
664 1279 709 1308 ut
726 1270 869 1308 iterum
886 1266 968 1308 suas
985 1266 1278 1308 observationes
1294 1265 1539 1306 instituerent
1555 1292 1568 1309 ,

110 1325 446 1379 quemadmodum
460 1325 503 1363 &
525 1325 649 1364 modo
664 1339 848 1380 rogamus
878 1325 921 1364 &
937 1324 1059 1364 Italos
1089 1322 1238 1363 nostros
1251 1323 1372 1364 Maris
1386 1321 1567 1362 Inferi&

115 1383 251 1437 Superi
284 1381 436 1421 Incolas
466 1391 513 1420 ut
544 1380 760 1436 symbolam
790 1379 996 1421 conferant
1012 1410 1023 1425 ,
1038 1391 1084 1420 ut
1101 1381 1218 1421 variis
1235 1381 1278 1420 ὃς
1292 1380 1468 1435 repetitis
1497 1378 1572 1419 ob-

110 1436 394 1478 servationibus
419 1435 658 1491 cognoscere
690 1437 851 1478 tandem
881 1448 991 1478 certo
1005 1433 1190 1494 posfimus
1206 1467 1217 1483 ‚
1245 1450 1323 1490 qua
1340 1437 1571 1491 proportio-

110 1508 158 1535 ne
173 1495 310 1535 Italiae
327 1494 453 1534 Maria
485 1495 587 1533 inter
603 1492 640 1534 se
661 1493 833 1534 aestuent
850 1524 861 1539 ‚
891 1493 941 1534 ad
969 1496 1158 1546 quantam
1188 1492 1435 1533 altitudinem
1457 1489 1571 1534 affui·-

110 1561 207 1606 gant
224 1578 234 1593 ‚
266 1552 309 1590 ὅτ.
337 1564 418 1604 quo
451 1559 658 1604 ternpore.
687 1549 734 1588 In
756 1548 889 1590 Infero
906 1551 1010 1590 enim
1028 1551 1128 1603 mari
1156 1547 1277 1590 aestus
1307 1564 1466 1605 quoque
1497 1547 1570 1590 ali-

112 1608 200 1662 quis
216 1608 412 1661 reperitur
427 1636 439 1651 ,
470 1604 561 1646 teste
578 1605 660 1660 ipso
674 1604 854 1647 Galilaeo
871 1607 945 1657 (b)
963 1634 973 1650 ‚
997 1608 1065 1661 qui
1081 1608 1136 1647 ait
1151 1608 1192 1649 in
1205 1606 1366 1648 Corfica
1382 1637 1393 1653 ,
1417 1608 1457 1647 in
1484 1608 1570 1647 Sar-

111 1664 219 1703 dinia
236 1693 246 1709 ,
276 1664 316 1702 in
331 1663 496 1702 Liburni
524 1662 567 1700 &
597 1663 752 1702 Romae
781 1674 905 1717 portu
931 1664 984 1704 ad
1014 1664 1222 1705 dimidium
1250 1665 1396 1705 Pedem
1425 1661 1571 1704 aestum

113 1722 306 1772 majorem
331 1717 520 1771 assurgere
538 1745 548 1760 ‚
579 1719 648 1773 qui
671 1717 788 1758 aestus
807 1718 960 1760 fortafle
977 1730 1140 1775 propter
1157 1733 1345 1774 aquarum
1362 1720 1572 1775 profundi-

115 1786 238 1815 tatem
258 1803 267 1817 ,
283 1777 328 1814 &
343 1803 353 1817 ,
379 1775 485 1829 quod
504 1789 594 1815 raro
610 1776 820 1829 contingat
836 1803 846 1819 ,
863 1777 914 1816 ab
928 1775 1074 1817 Incolis
1091 1777 1213 1832 vulgo
1228 1777 1446 1834 negligitur
1461 1808 1470 1817 .
1492 1776 1570 1819 Ta-

113 1846 202 1872 men
237 1830 356 1871 aestus
375 1830 440 1871 iste
465 1844 544 1884 quo
577 1832 697 1886 magis
729 1831 777 1871 ad
793 1829 949 1872 Littera
980 1831 1134 1878 nostra,
1160 1834 1206 1873 &
1234 1835 1417 1875 Venetias
1443 1848 1570 1890 prope

113 1887 334 1928 accedimus
365 1886 514 1941 semper
544 1884 590 1928 fit
619 1890 743 1940 major
776 1918 786 1933 ,
824 1898 869 1928 ut
896 1888 952 1929 ad*
977 1887 1042 1929 sex
1071 1889 1132 1930 vel
1159 1888 1308 1944 septem
1339 1890 1424 1931 illos
1449 1891 1569 1932 Pedes

114 1945 319 1998 perveniat
335 1974 344 1989 ‚
372 1946 414 1984 &
431 1943 584 1985 fortaffe
610 1945 771 1985 ulterius
800 1947 1052 1999 porrigatur·
1084 1947 1251 1988 Fortaffe
1280 1948 1399 1988 etiam
1425 1946 1455 1988 fi
1480 1948 1572 1989 dex-

114 1998 286 2041 trorsum
301 2002 350 2042 ab
367 1999 492 2041 infero
507 2002 546 2040 in
564 2001 771 2041 Graeciam
788 2003 1087 2057 progrediamur
1102 2031 1113 2047 ‚
1130 2005 1310 2045 eamdem
1340 2006 1573 2061 proportio-

116 2071 203 2097 nem
221 2054 255 2096 se
268 2054 305 2097 se
323 2055 578 2097 accrescendo
595 2055 762 2097 servabit
779 2088 789 2104 ,
813 2072 935 2111 quum
965 2060 1134 2114 antiquis
1152 2061 1314 2101 Graecis
1346 2064 1390 2103 a&
1419 2063 1571 2102 Roma-

116 2115 171 2152 nis
202 2123 316 2152 notus
349 2112 494 2168 fuerit,
524 2110 711 2169 &spatio
729 2113 798 2166 illo
814 2113 877 2155 sex
894 2114 1081 2155 horarum
1098 2117 1329 2168 conclusus,
1361 2120 1427 2173 qui
1445 2120 1569 2162 etiam

120 2180 307 2209 notarunt
323 2170 517 2224 aliquibus
533 2170 686 2210 in-locis
702 2173 862 2212 *variare
878 2199 889 2214 ‚
919 2172 1021 2212 ut—in
1040 2173 1183 2229 Euripo
1199 2202 1210 2220 ‚
1227 2176 1281 2214 *in
1310 2188 1390 2229 quo
1417 2176 1569 2218 Aristo-

121 2224 238 2266 telem
270 2226 395 2283 ipsum
421 2226 569 2282 periisse
600 2226 723 2283 aliqui
738 2227 881 2270 litteris
897 2229 1204 2286 prodiderunt„

924 2401 960 2441 H
994 2415 1018 2444 2
1356 2369 1358 2371 ·
1449 2403 1570 2446 PRO.

154 2498 194 2528 (a)
214 2495 412 2537 'squavesand
426 2480 479 2536 To,
493 2497 534 2525 II.
549 2496 650 2537 Phyfic.
663 2499 749 2540 Elem.
763 2499 800 2527 lib
828 2510 901 2529 1111.
922 2513 979 2538 cap.
992 2513 1035 2532 xx.
1054 2475 1125 2533 mim.
1141 2506 1216 2539 1418.

153 2530 198 2563 (b)
221 2530 360 2560 ualdus-⁴4
387 2532 501 2570 Βαίας.
518 2543 592 2561 1111.
605 2534 671 2571 byst.
684 2535 767 2570 Losm.
780 2545 805 2570 p.
819 2547 856 2566 m.
869 2546 930 2571 427.
