1814 2902
214 226 268 263 ⁷6
671 223 1224 278 spnchEN

213 313 342 357 war-di
358 312 510 355 Affecla
526 343 536 359 ‚
562 323 607 355 ut
627 313 696 356 has
713 317 896 359 minutias
915 320 1061 375 pandas
1077 349 1089 366 ‚
1118 332 1235 363 tanto
1247 329 1445 376 apparatu
1462 351 1473 368 ,
1495 321 1540 363 δε
1556 330 1671 366 tanta

212 368 308 411 sacri
322 370 485 411 Codicis
502 371 545 411 δε
562 373 864 429 Prophanorum
883 377 1130 433 Scriptorum
1147 380 1403 420 Auc‘toritate
1419 408 1429 424 ,
1455 391 1577 433 quum
1593 380 1672 422 hoc

212 436 348 468 totum
379 438 461 468 tam
493 427 598 470 facili
622 432 785 484 negotio
802 462 813 478 ,
843 434 887 472 &
901 431 984 474 solo
999 435 1166 477 natural-i
1182 437 1298 477 maris
1315 434 1456 476 receffu
1473 434 1589 489 poffit
1603 451 1670 479 ex-

208 482 382 539 plicari?
410 485 554 526 Verum
571 501 667 542 pace
681 487 825 529 horum
856 491 1033 531 virorum
1049 491 1179 533 dicam
1206 507 1297 534 cum
1320 492 1510 532 Terentio
1527 519 1538 534 2
1571 492 1669 533 dum

212 540 309 581 haec
341 552 456 582 acute
486 543 617 584 dicere
633 543 841 590 videntur,
874 561 945 588 nae
963 545 1112 589 faciunt
1139 549 1399 604 intelligendo
1415 559 1461 588 ut
1476 548 1573 588 nihil
1603 550 1664 588 in-

209 597 416 652 telligant·
449 601 557 640 Nam
581 600 707 655 probe
744 603 785 642 in
823 604 995 644 medium
1026 605 1141 647 Sacer
1178 606 1320 647 Codex
1349 604 1583 648 adducitur,
1618 608 1665 647 &

208 656 335 709 probe
364 656 483 696 etiam
514 656 679 698 aliarum
704 658 893 700 Gentium
920 659 1073 702 fabulae
1104 662 1344 708 afferuntur,
1378 676 1479 716 quae
1509 676 1531 702 a
1563 663 1667 704 veris

209 710 387 752 Historiis
412 713 517 754 Sacri
532 714 694 755 Codicis
725 715 883 757 fuerunt
898 717 1081 759 detortae
1099 747 1109 763 ,
1140 720 1184 760 δε
1204 719 1444 773 depravatae
1460 748 1471 764 ,
1497 732 1589 759 nam
1620 719 1668 758 li-

207 779 275 809 cet
301 769 359 809 ita
386 769 571 811 detortae
592 772 636 810 &
665 772 900 828 depravatae
929 774 1153 817 consensum
1178 787 1310 816 tamen
1344 774 1554 830 quemdam
1582 776 1669 815 uni-

207 823 395 868 versalem
417 829 595 868 omnium
613 829 858 883 populorum
874 831 923 871 de
940 834 1106 874 veritate
1121 833 1274 873 Diluvii
1289 831 1499 872 ostendunt
1519 859 1527 867 -
1555 832 1670 885 Qa-

205 895 247 922 re
275 882 433 923 admiffa
455 886 620 926 veritate
637 886 788 928 Diluvii
805 917 815 932 ,
842 901 964 942 quam
983 902 1100 929 nemo
1115 889 1225 930 sanus
1255 890 1299 928 &
1325 891 1414 943 pius
1444 900 1564 944 negat
1581 916 1590 931 ‚
1619 890 1666 929 &

204 934 317 979 fimul
339 939 500 982 admiffo
528 941 712 983 consensu
734 945 911 985 omnium
930 946 1173 1000 Populorum
1190 976 1202 992 ,
1230 946 1339 1000 quod
1355 944 1528 985 multum
1543 946 1666 986 etiam

205 993 285 1042 est,
314 1009 481 1052 apparet
510 999 762 1041 Noachicum
777 1001 1071 1058 Cataclysmum
1102 1013 1240 1057 quater
1269 1003 1428 1042 circiter
1455 1001 1565 1043 mille
1595 1015 1665 1041 an-

204 1053 263 1092 nis
280 1053 330 1095 ab
341 1053 457 1095 heinc
484 1056 687 1112 contigiffe
703 1088 714 1103 ‚
731 1071 834 1098 anno
861 1057 1010 1100 scilicet
1026 1058 1231 1100 millefimo
1258 1054 1533 1101 sexcentesimo
1546 1060 1664 1112 quin-

203 1109 426 1164 quagesimo
454 1110 563 1153 sexto
594 1114 645 1153 ab
660 1115 770 1155 Orbe
795 1115 962 1156 condito
979 1143 987 1153 .
1014 1116 1135 1170 Qod
1155 1126 1309 1172 tempus
1323 1129 1442 1155 omne
1458 1128 1482 1154 a
1495 1117 1664 1155 condito

202 1165 396 1209 Vniverso
427 1168 490 1209 sex
523 1170 645 1209 millia
669 1171 879 1211 Annorum
909 1187 989 1213 non
1023 1173 1206 1219 excedit.
1242 1171 1270 1213 si
1309 1181 1463 1212 textum
1498 1171 1665 1212 Hebrai-

201 1235 292 1263 cum
308 1253 320 1269 ,
353 1223 621 1280 &Vulgatam
651 1224 874 1268 Verfionem
896 1229 1003 1269 Sacri
1039 1230 1201 1270 Codicis
1228 1227 1430 1284 sequamur
1446 1255 1458 1270 ‚
1490 1228 1535 1268 ὃ(
1564 1230 1662 1269 octo

200 1279 325 1320 millia
355 1295 552 1322 annorum
568 1297 649 1323 non
666 1281 865 1337 superabit
881 1311 891 1328 ‚
906 1283 934 1324 fi
952 1299 1047 1325 Lxx.
1069 1287 1337 1341 Interpretum
1352 1285 1582 1324 Lectionem
1609 1282 1664 1323 se-

199 1350 366 1390 quemur
383 1365 391 1374 .
425 1338 561 1392 Qare
591 1350 758 1394 apparet
779 1349 934 1395 tempus
955 1351 1126 1397 quatuor
1153 1340 1323 1382 millium
1333 1341 1544 1380 Annorum
1573 1338 1662 1396 post

199 1393 391 1436 diluvium
418 1409 499 1435 non
528 1393 700 1437 sufficere
729 1395 780 1437 ad
794 1396 981 1439 recess'um
1007 1400 1123 1440 maris
1140 1413 1163 1438 a
1179 1397 1380 1439 montibus
1411 1397 1657 1453 Apenninis‚

196 1464 323 1505 neque
351 1449 515 1493 sufficiet
539 1463 692 1508 tempus
725 1452 946 1496 universum
964 1470 1049 1497 Lxx
1093 1457 1358 1510 Interpretum
1376 1484 1387 1500 ,
1417 1452 1511 1494 licet
1531 1453 1660 1494 decies

197 1506 324 1548 fuiffet
348 1507 503 1562 longius
519 1539 528 1547 .
561 1510 667 1549 Nam
697 1524 818 1563 quum
834 1512 946 1552 Mare
976 1514 1026 1553 ab
1055 1514 1161 1553 Vrbe
1183 1511 1313 1552 nostra
1339 1509 1467 1564 spatio
1485 1509 1658 1551 duorum

196 1564 366 1605 millium
382 1565 589 1606 Annorum
623 1566 667 1605 &
692 1565 860 1622 amplius
876 1595 887 1610 ,
918 1582 968 1609 ex
982 1582 1066 1622 quo
1096 1566 1245 1608 scil-icet
1271 1567 1547 1607 Romanorum
1575 1567 1660 1608 Co-'

193 1620 303 1661 Ionia
332 1621 408 1662 huc
437 1621 604 1663 deducta
621 1621 699 1666 est,
724 1625 791 1665 vix
816 1637 862 1663 ac
893 1638 941 1664 ne
969 1627 1038 1666 vix
1062 1623 1222 1678 quidem
1250 1621 1358 1663 mille
1391 1621 1514 1677 paffus
1537 1622 1659 1664 reces-

193 1677 313 1724 serit,
342 1679 387 1718 &
412 1679 639 1721 aRavenna
655 1710 666 1726 ‚
696 1681 763 1721 ubi
788 1684 913 1734 maj0r
933 1679 991 1722 est
1007 1679 1188 1721 Receffus
1206 1707 1217 1723 ,
1251 1680 1319 1719 vix
1346 1679 1397 1719 ad
1426 1681 1501 1720 tria
1532 1679 1658 1721 miilia

194 1733 370 1789 paffuum
402 1735 622 1780 recefferit,
652 1737 696 1776 &
726 1751 849 1791 quum
876 1739 1098 1779 Cacumina
1116 1737 1421 1792 Apenninorum
1453 1749 1581 1777 xxxv.
1611 1738 1656 1778 &

193 1790 348 1833 fortasse
375 1806 439 1833 xr..
470 1792 595 1835 millia
624 1791 800 1849 paffuum
830 1809 854 1834 a
881 1796 982 1836 mari
1020 1793 1155 1834 nostro
1179 1792 1347 1835 distent,
1380 1803 1493 1847 patet
1532 1791 1656 1835 talem

192 1847 402 1891 Receffum
434 1851 553 1891 Maris
589 1865 614 1889 a
635 1852 784 1891 vertice
812 1849 973 1890 iilorum
997 1851 1224 1891 Montium,
1254 1862 1304 1888 ne
1335 1847 1461 1902 spatio
1491 1850 1652 1902 quidem

192 1917 314 1945 xxxx.
333 1906 501 1946 millium
528 1920 723 1947 annorum
750 1903 835 1947 fieri
851 1905 1020 1961 potuiffe
1037 1934 1045 1943 .
1069 1906 1182 1957 Qae
1198 1906 1318 1945 Aetas
1329 1904 1464 1945 vdecies
1496 1906 1540 1945 ὃς
1569 1918 1650 1944 am-

193 1961 296 2017 plius
327 1965 453 2016 major
481 1961 563 2007 est,
588 1977 707 2017 quam
735 1974 840 2003 aetas
856 1961 1028 2004 Vniversi
1046 1991 1056 2006 ‚
1086 1964 1206 2003 etiam
1235 1959 1649 2015 juxtaVerfionemil-

191 2019 268 2058 lam
301 2020 682 2075 Lxx.1nterpretum
698 2047 708 2056 .
733 2019 867 2073 Qare
883 2019 1094 2060 dicendum
1110 2017 1351 2073 ,Conchylia
1381 2018 1473 2064 illa,
1500 2018 1543 2057 ὃς
1567 2031 1648 2058 ma-

188 2077 291 2116 rinas
314 2078 476 2118 exuvias
506 2079 630 2118 varias
646 2106 657 2122 ,
688 2091 788 2130 quae
816 2078 857 2116 in
885 2075 961 2116 illis
973 2075 1176 2117 Montibus
1205 2076 1458 2128 reperiuntur
1474 2105 1484 2120 ,
1501 2085 1644 2129 quater

189 2132 239 2172 ab
254 2133 366 2174 heinc
383 2133 489 2174 mille
517 2134 623 2173 annis
647 2147 669 2172 a
684 2134 850 2174 Diluvio
867 2133 1075 2173 Noachico
1106 2132 1186 2172 illic
1210 2131 1314 2172 fuiffe
1337 2129 1550 2184 asportatas
1565 2162 1575 2175 ,
1600 2140 1645 2171 ut

188 2192 292 2230 ratio
321 2191 428 2231 Sacri
450 2191 611 2231 Codicis
635 2220 647 2236 ,
673 2191 717 2230 &
743 2187 944 2231 consensus
973 2188 1052 2230 fere
1080 2190 1260 2229 omnium
1293 2187 1532 2241 Populorum
1559 2185 1644 2227 sua-

188 2245 256 2286 det
272 2275 281 2290 ,
314 2248 423 2303 quod
449 2248 492 2287 &
521 2246 658 2288 diserte
681 2248 867 2300 probavit
881 2245 1177 2289 Woodwardus
1203 2256 1345 2285 contra
1368 2243 1524 2284 fabellas
1552 2242 1641 2284 illas

187 2303 344 2345 Burneti
361 2333 370 2347 ‚
397 2318 491 2358 quas
518 2304 582 2345 iste
610 2320 632 2345 a
656 2305 829 2345 Patricio
851 2302 983 2344 nostro
997 2301 1209 2343 detorserat
1225 2330 1233 2337 ·
1246 2302 1334 2343 Huc
1349 2301 1469 2346 adde,
1485 2301 1641 2341 univero

189 2361 270 2402 sum
298 2361 634 2402 Mediterraneum
668 2362 779 2402 Mare
808 2375 883 2401 una
913 2374 1002 2400 cum
1021 2361 1171 2400 Sinibus
1203 2357 1274 2398 suis
1298 2359 1478 2398 omnibus
1507 2369 1641 2398 recens

191 2419 344 2461 videri,
370 2418 499 2458 multo
530 2433 670 2473 nempe
701 2417 789 2472 post
811 2417 1061 2458 Noachicum
1089 2413 1383 2470 Cataclysmum
1415 2426 1550 2455 natum
1581 2411 1644 2453 vel

192 2477 350 2518 auditum
381 2502 391 2518 ‚
422 2489 470 2515 ex
497 2475 740 2531 disruptione
771 2472 920 2516 scilicet
935 2475 1084 2515 Oceani
1114 2474 1312 2514 Atlantici
1344 2471 1446 2512 facta
1473 2472 1522 2511 ad
1552 2469 1647 2565 (33ὲὲ

1512 2541 1588 2582 pen
