1814 2902
427 225 803 271 APPENDIX·
848 222 1213 283 sfioaeernAr·
1505 233 1556 269 99

115 326 185 365 nos
217 323 269 363 ita
295 318 550 362 excrescant,
580 329 625 358 ut
648 316 821 358 melones
851 322 1103 368 exaequent,
1132 311 1197 354 sed
1212 321 1306 353 tunc
1337 322 1475 352 eorum
1489 309 1566 349 Te-

63 393 69 395 “
103 380 166 421 -sta
195 380 248 421 est
275 374 497 419 solidiffima
516 407 528 423 ‚
555 386 602 416 ut
620 384 747 430 partes
773 375 854 426 ejus
883 372 952 412 vix
983 369 1157 424 disjungi
1186 366 1332 425 possint
1350 395 1358 404 .

461 581 520 644 C
564 580 630 641 A
673 581 719 640 P
760 579 830 641 V
879 579 939 638 T
1044 579 1114 640 V
1154 580 1201 638 I.

376 716 560 756 Ecvas
590 710 828 749 Connczvs
862 720 913 745 AD
945 709 1003 748 Os
1039 719 1315 748 fmssnurvs.

118 838 449 930 Zoophyton
477 835 553 877 hoc
577 862 588 879 ,
628 833 736 889 quod
766 833 1026 875 Rondeletius
1058 833 1327 873 Cucumerem
1368 833 1563 888 marinum

239 895 457 952 appellavit
473 924 482 939 ‚
512 895 622 946 cujus
645 890 813 947 figuram
842 890 980 931 rudem
1007 889 1119 930 dedit
1135 918 1146 934 ‚
1177 890 1260 943 Ego
1277 887 1467 929 Echinum
1483 890 1565 929 Co—

120 959 295 998 riaceutn
310 953 415 995 voco
432 981 442 997 ‚
472 951 580 1005 quod
596 948 788 991 structura
811 961 906 988 curn
923 947 1076 988 Echinis
1102 947 1318 988 conveniat
1333 976 1344 992 ‚
1374 946 1482 1000 quod
1513 959 1564 987 ex

122 1012 302 1055 Partibus
332 1009 530 1064 triquetris
558 1005 709 1048 constet
739 1033 750 1051 ‚
773 1006 818 1045 &
844 1003 1084 1046 foraminula
1115 1003 1312 1058 permulta
1343 1004 1384 1044 in
1412 1017 1461 1043 eo
1485 1001 1564 1044 'sint

121 1084 194 1127 per
221 1067 513 1123 longitudinem
530 1063 702 1120 'dispersa
717 1091 728 1108 ‚
756 1074 802 1104 ut
819 1063 857 1103 in
872 1063 1023 1103 Echinis
1042 1090 1052 1105 ‚
1083 1063 1125 1102 &
1142 1061 1250 1115 quod
1268 1061 1438 1116 denique
1467 1059 1565 1101 stru-

122 1131 234 1170 &ura
258 1127 409 1165 interna
421 1124 513 1164 Oris
537 1121 650 1175 hujus
668 1120 870 1176 Zoophyti
898 1118 1027 1161 similis
1051 1116 1096 1160 fit
1109 1117 1324 1159 strueturae
1342 1118 1432 1157 Oris
1450 1118 1566 1158 Echi-

122 1187 164 1224 ni
180 1207 192 1227 ,-
206 1182 315 1238 quod
333 1210 342 1225 ‚
361 1191 406 1221 ut
421 1180 504 1221 dixi
519 1209 531 1224 .
560 1180 610 1219 ab
637 1179 829 1232 aliquibus
859 1178 1024 1217 Laterna
1041 1177 1230 1230 Diogenis
1247 1175 1392 1215 dicitur
1409 1202 1418 1212 .
1452 1175 1567 1216 Prae-

119 1249 227 1282 terea
251 1236 429 1280 intestina
459 1236 577 1276 habet
605 1237 642 1274 in
673 1245 808 1276 ventre
832 1232 1039 1275 distincita,
1068 1233 1208 1273 &non
1239 1242 1368 1288 partes
1399 1237 1480 1288 ejus
1509 1234 1569 1273 in·-

123 1307 258 1339 ternae
289 1292 522 1335 indiscretae
539 1289 628 1332 sunt
645 1319 655 1334 ‚
679 1289 923 1331 &informes
939 1319 950 1334 ‚
977 1301 1022 1331 ut
1046 1293 1109 1331 ait
1124 1290 1388 1331 Rondeletius
1405 1318 1413 1327 .
1445 1291 1566 1332 Circa

121 1357 203 1407 ejus
231 1354 287 1392 Os
313 1349 379 1406 fig.
397 1352 446 1391 D.
462 1349 639 1390 Tab.VI.
671 1346 910 1389 extrinsecus
938 1345 1024 1388 sunt
1045 1345 1223 1389 fimbriae
1252 1361 1416 1389 carneae
1437 1358 1468 1389 'c-
1485 1355 1564 1390 eze}

122 1413 168 1452 &
200 1412 239 1450 in
270 1409 400 1449 medio
430 1405 482 1447 est
507 1420 551 1445 os
580 1420 614 1445 a·
641 1403 716 1445 fine
746 1404 926 1447 dentibus
950 1433 961 1450 ‚
985 1418 1107 1460 quare
1138 1405 1399 1460 Zoophytum
1433 1407 1566 1460 potius

122 1465 258 1521 sugere
273 1497 283 1512 ,
312 1479 430 1520 quam
455 1462 638 1503 mandere
660 1462 770 1502 cibos
801 1462 959 1504 videtur
977 1492 986 1500 .
1019 1463 1212 1504 Fimbriae
1241 1461 1332 1504 istae
1347 1463 1468 1511 adOs
1484 1477 1566 1504 car·

124 1523 219 1565 neae
235 1522 514 1577 saepenumero
524 1533 603 1559 non
619 1528 833 1560 cernuntur
851 1542 861 1563 ,ς
877 1532 922 1560 ut
938 1522 979 1560 in
994 1517 1128 1576 figuris
1145 1523 1183 1561 E.
1197 1520 1234 1559 F.
1244 1518 1398 1561 Tabula
1413 1516 1566 1570 eadem}

125 1595 225 1636 quae
241 1577 434 1635 spoliatae
443 1577 631 1618 videntur
647 1603 657 1619 ‚
675 1586 717 1617 at
730 1574 757 1617 fi
773 1580 1064 1633 comprimatur
1084 1587 1230 1634 corpus
1249 1578 1476 1634 Zoophyti,
1488 1577 1567 1635 stag

122 1639 199 1678 -tim
224 1644 419 1691 apparent
447 1633 625 1675 fimbriae
653 1632 771 1679 istae,
798 1637 898 1675 utin
912 1632 975 1690 fig.
994 1637 1044 1675 D.
1062 1633 1234 1690 ejusdem
1248 1635 1449 1677 Tabulae.
1509 1656 1511 1659 ·
1546 1646 1554 1664 =‘

133 1758 291 1786 m

283 1974 434 2012 Srr-LLA
466 1983 634 2012 mmmm
663 1984 893 2015 vvmmus,
923 1984 970 2012 ετ
1000 1986 1094 2024 rva
1126 1946 1381 2014 Cunna-Ius
1402 2002 1410 2011 .

243 2098 412 2138 Voniam
439 2098 569 2152 capite
590 2097 636 2137 V;
665 2095 824 2152 loquuti
848 2095 975 2138 sumus
999 2097 1046 2138 de
1067 2096 1216 2139 Inceffu
1232 2098 1499 2145 Echin0n1m·‚
1525 2101 1570 2142 δὲ

256 2169 393 2196 eorum
418 2153 609 2195 structura
637 2186 648 2201 ‚
676 2153 883 2209 loquemur
909 2157 951 2195 ὅ(
976 2155 1061 2196 heic
1093 2155 1141 2196 de
1167 2155 1374 2196 Stellarum
1400 2159 1570 2199 marina-³

131 2228 218 2254 rum
245 2211 383 2253 incessu
399 2243 408 2258 ,
433 2212 476 2251 ὅ(
497 2211 547 2251 de
571 2226 703 2252 earum
728 2212 919 2253 structura
935 2240 945 2255 ,
978 2215 1021 2253 &
1052 2214 1228 2268 partibus
1259 2241 1269 2256 ‚
1299 2227 1398 2267 quae
1432 2218 1568 2258 omnia

131 2270 264 2325 aliquo
288 2270 411 2310 modo
443 2283 535 2310 cum
551 2268 702 2320 Echinis
726 2271 967 2310 conveniunt
986 2301 994 2310 .
1025 2271 1078 2310 Vt
1092 2271 1197 2310 enim
1229 2271 1413 2312 incedant
1428 2272 1570 2314 Stellae

131 2328 247 2381 pedes
282 2341 439 2381 quoque
464 2327 507 2365 &
536 2323 636 2381 ipsae
666 2326 871 2383 proferunt
901 2342 924 2367 a
952 2330 1150 2381 corpore,
1181 2328 1224 2367 δε
1256 2327 1372 2369 radiis
1398 2328 1470 2370 suis
1512 2332 1571 2371 in-

127 2398 308 2424 numeros
326 2411 335 2425 ‚
366 2385 506 2438 quibus
525 2383 709 2424 incedunt
727 2414 736 2428 ‚
760 2396 806 2425 ut
837 2384 969 2424 videre
992 2384 1044 2426 est
1071 2383 1226 2426 Tabula
1242 2386 1309 2425 VI.
1341 2382 1395 2440 fig
1440 2388 1488 2426 A.
1520 2391 1564 2429 δε

128 2441 245 2494 pedes
274 2442 399 2482 exerti
418 2438 581 2495 expreffi
617 2440 705 2482 sunt
730 2441 798 2483 sub
830 2441 970 2483 litteris
1001 2444 1020 2483 b
1052 2442 1084 2482 b.
1104 2442 1124 2482 b
1155 2442 1186 2483 la.
1221 2443 1276 2482 Os
1307 2456 1465 2499 quoque
1509 2445 1568 2485 fo-

128 2498 294 2553 liaceum
310 2528 320 2543 ,
344 2496 405 2539 seu
426 2495 663 2540 fimbriatum
690 2499 897 2556 proferunt
912 2500 1050 2543 Stellae
1077 2498 1149 2541 hae
1173 2499 1351 2555 vulgares
1370 2532 1380 2546 ,
1415 2513 1458 2542 ut
1475 2515 1567 2556 pro-

866 2558 906 2598 N
938 2570 963 2601 2
1440 2557 1570 2599 ferunt
