1814 2902
539 209 1159 259 MINVSNOTIS
1256 197 1259 202 '
1567 220 1591 258 9

142 299 478 359 'quemadmodum
495 302 644 344 &rota
658 302 923 358 cognovimus
948 313 1016 339 nos
1044 312 1184 339 eorum
1207 296 1402 336 internam
1427 292 1594 336 struetu-
1646 325 1649 329 <

141 374 255 402 ram.
286 359 333 400 Id
347 361 452 401 enim
467 357 696 402 discriminis
721 356 932 398 intercedit
949 384 958 398 ,
988 363 1033 394 ut
1062 355 1269 409 peritiores
1298 351 1501 393 Naturalis
1531 351 1593 391 hi-

142 415 284 458 storiae
297 418 512 471 Scriptores
543 426 692 457 norunt
720 427 854 455 omnes
872 443 883 458 ,
908 414 1009 453 inter
1034 410 1230 451 Cochleas
1246 408 1435 464 depressas
1453 437 1464 452 ‚
1496 422 1592 463 quas

146 474 272 528 aliqui
299 473 503 513 immerito
531 474 737 514 Cornuum
767 470 1000 512 Hammonis
1031 468 1190 508 nomine
1220 466 1399 511 donant,
1425 467 1468 506 &
1497 479 1593 506 vera

146 532 308 570 Cornua
336 531 569 571 Hammonis
584 561 596 577 ,
618 529 728 586 quod
761 527 858 568 haec
883 524 1124 568 extrinsecus
1155 522 1313 565 diffecita
1344 532 1564 578 appareant
1579 552 1592 568 ,

145 588 310 628 &intus
326 615 337 630 ‚
368 587 477 643 quod
494 598 616 644 caput
631 586 685 629 est
699 615 709 630 ,
738 587 778 626 in
794 585 919 625 varias
950 581 1109 623 cellulas
1140 579 1205 621 seu
1234 578 1502 621 loculamenta
1518 576 1593 619 fint

145 641 291 685 divisa.
323 643 524 687 Cochleae
551 659 648 685 vero
678 643 847 685 exterius
878 640 1110 696 plerumque
1128 638 1253 678 laeves
1270 665 1281 680 ‚
1312 637 1479 677 &intus
1496 634 1597 676 sem-

142 714 215 756 per
245 702 403 742 unicam
434 699 614 755 spiralem
642 713 839 741 cameram
878 696 1084 739 ostendant
1116 708 1331 750 numquam
1377 695 1417 733 in
1446 692 1593 748 plureis

144 756 305 799 cellulas
321 757 570 802 diffindam,
599 767 645 799 ut
675 759 717 798 in
745 757 846 798 veris
860 755 1061 795 Cornibus
1077 752 1311 793 Hammonis
1328 781 1339 798 ,
1368 751 1466 791 &in
1483 750 1595 791 Nau-

144 813 224 852 tilis
241 814 386 852 Indicis
403 816 579 854 cernitur
594 845 602 853 .
635 816 724 856 Hoc
741 816 879 854 Cornu
895 826 1014 867 genus
1040 811 1183 851 vocavi
1205 819 1407 865 praeterea
1440 807 1593 848 littoris

142 866 400 910 Ariminenfis
415 868 723 924 vulgatiffimum
739 902 750 916 ,
780 869 888 924 quod
912 870 1066 909 uberius
1083 869 1122 906 in
1139 868 1367 907 Sedimento
1385 862 1517 904 nostro
1534 880 1597 906 re-

143 927 325 980 periatur
340 953 351 969 ,
381 928 426 967 &
438 929 553 980 hujus
569 930 743 982 primum
759 940 809 967 ex
823 924 997 965 Marfilio
1015 953 1025 967 ,
1057 936 1261 978 tamquam
1278 922 1325 963 de
1341 936 1437 964 vero
1453 923 1594 962 Cornu

124 984 377 1024 Hammonis
408 982 642 1024 Ariminensi
665 1012 676 1028 ‚
702 985 741 1024 in
775 979 1061 1037 elegantissimis
1091 980 1402 1021 Commentariis
1440 979 1598 1019 Acade-

143 1041 246 1080 miae
275 1037 451 1080 Instituti
481 1038 730 1082 Bononiensis
748 1039 973 1081 meminerit
991 1039 1195 1079 Beccarius
1212 1043 1281 1087 (a)
1299 1066 1306 1073 .
1334 1037 1595 1089 Qamquam

144 1107 192 1137 ut
216 1110 353 1137 verum
383 1095 504 1137 fatear
533 1097 613 1138 hoc
639 1095 868 1140 Testaceum
899 1097 1022 1137 etiam
1053 1098 1093 1135 in
1118 1095 1346 1135 Sedimentis
1372 1091 1595 1134 multorum

141 1153 323 1193 littorum
353 1152 474 1194 nostri
490 1156 613 1195 Maris
628 1154 916 1197 observaverim
933 1184 944 1198 ‚
970 1151 1065 1192 licet
1088 1166 1254 1192 numero
1271 1149 1490 1191 admodum
1522 1151 1599 1189 mi-

142 1210 233 1250 nori
250 1239 262 1254 ,
278 1220 325 1249 ut
342 1224 465 1265 nuper
483 1213 523 1251 in
539 1209 757 1252 sedimento
788 1211 931 1250 littoris
949 1210 1095 1250 Veneti
1112 1239 1119 1247 .
1140 1210 1197 1249 At
1214 1210 1254 1248 in
1272 1206 1491 1248 sedimento
1509 1208 1596 1247 Ma-

144 1268 195 1307 ris
213 1264 353 1310 inferi,
382 1277 427 1306 ut
452 1269 491 1308 in
515 1267 847 1309 Centumcellano
864 1295 875 1310 ,
906 1267 950 1306 &
981 1268 1022 1306 in
1053 1264 1278 1306 Liburnenfi
1296 1264 1365 1305 illo
1382 1292 1392 1307 ‚
1420 1278 1468 1304 ne
1486 1263 1599 1305 vesti-

142 1324 252 1377 gium
268 1323 426 1376 quidem
456 1324 572 1364 ullius
603 1327 740 1366 Cornu
769 1325 1003 1364 Hammonis
1031 1322 1138 1363 vidi.
1173 1323 1308 1374 Qare
1337 1335 1460 1375 quum
1484 1333 1599 1362 tanta

145 1381 324 1420 ubertate
341 1379 488 1432 prostet
519 1382 557 1419 in
576 1380 715 1422 littore
743 1379 878 1421 nostro
895 1408 905 1423 ‚
938 1379 980 1418 &
997 1381 1172 1433 primum
1204 1379 1294 1419 heic
1328 1379 1531 1418 detectum
1548 1377 1596 1418 fit

143 1435 223 1476 hoc
239 1435 469 1476 admirabile
483 1435 618 1478 Testae
634 1451 754 1491 genus
770 1464 780 1480 ‚
810 1436 919 1492 quod
951 1437 1186 1490 peritiorum
1218 1435 1399 1476 historiae
1419 1435 1597 1475 Naturae

144 1494 393 1545 Scriptorum
409 1491 640 1533 sententiam
655 1492 866 1534 confirmat
883 1521 892 1535 ‚
910 1494 976 1546 qui
1001 1491 1223 1533 constanter
1240 1492 1455 1533 afferebant
1467 1520 1476 1535 ‚
1495 1493 1596 1533 Cor-

144 1563 222 1589 nua
243 1549 474 1590 Hammonis
507 1547 646 1589 foffilia
675 1550 725 1590 ad
756 1551 910 1591 Marina
939 1548 1122 1591 Testacea
1140 1580 1150 1594 ,
1179 1550 1222 1589 &
1244 1551 1380 1590 nonin
1398 1547 1495 1590 lusus
1514 1550 1598 1591 Na-

143 1618 256 1647 turae
284 1604 355 1646 effe
386 1604 587 1646 reserenda
606 1634 616 1648 ‚
649 1621 729 1647 non
761 1609 962 1648 immerito
991 1608 1108 1649 Cornu
1140 1608 1359 1648 Hammonis
1385 1609 1596 1648 Ariminen-

138 1664 182 1719 se
206 1668 369 1718 primum
399 1665 443 1707 ὠ·
472 1663 765 1717 vulgatiffimum
797 1663 1082 1719 appellavimus
1114 1697 1121 1704 .
1151 1665 1319 1706 Externa
1350 1665 1510 1719 quidem
1541 1664 1596 1706 sa-

144 1721 224 1760 cies
241 1719 351 1772 hujus
365 1717 502 1759 Testae
534 1733 583 1760 ex
615 1717 742 1773 figura
772 1721 954 1761 omnibus
981 1733 1120 1776 patet.
1150 1723 1350 1762 Internam
1377 1737 1472 1763 vero
1497 1719 1598 1778 figu-

147 1790 233 1817 ram
257 1774 330 1815 esse
355 1774 581 1815 cellularem
610 1806 621 1820 ,
651 1778 692 1814 in
721 1787 785 1816 tot
818 1776 965 1817 scilicet
995 1777 1156 1819 cellulas
1186 1811 1196 1824 ,
1234 1779 1297 1819 seu
1327 1780 1596 1820 loculamenta

147 1829 329 1875 divisam,
346 1841 445 1884 quot
471 1829 559 1871 sunt
575 1830 864 1873 interfectiones
891 1833 980 1873 illae
1009 1845 1193 1875 externae
1211 1865 1221 1879 ‚
1253 1836 1369 1889 plana
1386 1838 1597 1878 attritione

148 1887 265 1943 super
294 1897 425 1928 cotem
441 1916 452 1932 ,
485 1889 593 1944 quod
626 1900 737 1931 rotae
753 1906 873 1946 genus
889 1889 941 1931 est
958 1920 967 1934 ,
996 1893 1196 1945 cognovi,
1230 1903 1273 1932 ut
1298 1894 1462 1934 minime
1480 1895 1596 1935 dubi-

149 1944 316 1987 tandum
333 1942 403 1990 fit,
430 1948 526 1999 quin
543 1961 635 1987 vera
665 1961 816 1988 cornua
845 1947 1077 1990 Hammonis
1097 1948 1283 1990 dicantur
1300 1978 1309 1993 ‚
1338 1951 1600 2006 quemadmo-

153 2002 248 2042 dum
278 2001 358 2042 hoc
373 2003 532 2043 nomine
561 2003 793 2044 donabimus
822 2005 974 2059 reliqua
1003 2021 1176 2063 corpora
1204 2009 1338 2049 omnia
1356 2039 1365 2054 ,
1397 2023 1496 2063 quae
1527 2009 1598 2049 tali

153 2059 274 2115 padio
304 2057 557 2104 intrinsecus,
587 2061 630 2102 &
666 2060 900 2103 extrinsecus
929 2061 1179 2105 conformata
1210 2064 1281 2105 effe
1309 2068 1566 2121 cognovimus
1584 2098 1595 2112 ,

153 2129 253 2170 quae
269 2113 511 2170 sequentibus
541 2119 734 2171 capitibus
752 2118 1034 2162 describemus.
1064 2123 1153 2163 Hoc
1171 2122 1276 2163 addo
1295 2135 1451 2163 tantum
1482 2125 1522 2165 in
1550 2122 1597 2164 fi-

156 2186 206 2212 ne
221 2199 232 2215 ‚
261 2186 304 2212 os
319 2172 432 2225 hujus
446 2172 621 2215 Testacei
635 2174 713 2215 effe
724 2176 941 2218 admodum
958 2177 1167 2220 obscurum
1182 2210 1193 2226 ‚
1209 2180 1253 2219 &
1268 2179 1501 2236 plerumque
1520 2180 1597 2222 fra-

156 2230 265 2269 etum
280 2256 292 2272 ‚
321 2243 440 2283 quare
456 2243 535 2271 non
556 2229 645 2272 satis
675 2233 772 2274 bene
791 2233 878 2275 heic
908 2237 958 2276 ab
982 2234 1151 2277 Artifice
1178 2235 1392 2290 expressum
1412 2266 1418 2273 -
1449 2238 1599 2279 Vltima

157 2286 263 2326 enim
292 2286 431 2327 voluta
460 2287 521 2327 seu
560 2291 688 2343 prima
726 2304 880 2332 camera
919 2291 1032 2349 supra
1077 2291 1287 2335 secundam
1327 2294 1504 2336 volutam
1537 2294 1598 2337 seu

154 2355 351 2407 cameram
379 2344 435 2383 ita
458 2343 601 2388 reflexa
629 2346 682 2388 est
710 2379 720 2394 ‚
748 2360 791 2389 ut
823 2350 973 2391 nullum
998 2366 1041 2391 os
1072 2350 1253 2407 patulum
1278 2351 1475 2407 relinquat
1492 2384 1501 2398 ‚
1534 2352 1595 2394 sed

155 2398 310 2440 hiatum
327 2409 479 2440 tantum
496 2404 704 2456 quemdam
722 2437 733 2452 ,
761 2405 823 2447 seu
840 2408 979 2448 rimam
995 2436 1004 2452 ,
1035 2423 1135 2463 quae
1159 2407 1295 2451 Testae
1312 2409 1403 2451 loco
1419 2412 1495 2450 oris
1513 2411 1567 2450 est
1588 2442 1595 2449 .

894 2467 923 2505 Β
1417 2468 1468 2507 ΙΙ.
1502 2470 1591 2508 Hoc

191 2543 198 2572 (
211 2544 245 2575 a)
266 2544 438 2576 Commentar.
451 2546 538 2577 Acad.
553 2548 636 2585 Instit.
649 2549 718 2580 Bon.
727 2562 790 2589 pag.
803 2556 845 2581 68.
