1814 2902
235 219 284 267 38
656 217 1248 265 'DECONC‘HIS

231 314 320 341 rum
347 302 478 342 cibos.
509 303 684 344 Secunda
694 303 916 347 Gibbarui‘n
930 304 985 346 est
999 307 1133 362 capite
1157 305 1325 348 rostrato
1341 334 1352 351 ,
1388 318 1486 361 quae
1502 323 1523 350 a
1539 309 1676 353 nostris

229 359 461 419 cammarus
476 359 649 400 dicitur.
678 361 812 405 Tertia
844 361 1012 417 denique
1026 364 1173 418 squilla
1205 362 1455 417 praecedenti
1486 365 1603 420 plane
1632 365 1678 407 fi-

232 411 332 451 milis
352 440 361 455 ‚
393 412 456 456 sed
487 416 622 470 paullo
648 417 778 461 minor
793 448 803 463 ‚
827 420 871 460 &
899 432 979 459 non
1009 419 1172 461 rostrata
1190 447 1200 462 ‚
1234 432 1334 475 quae
1350 419 1518 474 Squillae
1535 435 1678 464 nomen

231 469 337 521 apud
365 469 517 512 nostros
548 474 716 517 retinet.
749 476 828 515 Has
858 476 952 519 duas
982 489 1056 517 una
1075 478 1242 533 capiunt
1260 477 1404 516 retibus
1422 475 1492 516 suis
1511 476 1679 531 piscato-

230 538 288 564 res
306 553 316 567 ,
349 540 449 580 quae
466 531 605 574 coetae
621 528 821 576 rufescunt
845 543 891 572 ut
905 533 1107 575 Gammari
1122 560 1130 568 ·
1158 532 1314 577 crudae
1332 533 1453 575 etiam
1469 534 1680 576 comedun-

232 593 296 621 tur
314 613 323 627 ,
352 581 514 637 suntque
530 597 698 640 utroque
716 588 837 628 modo
855 586 1057 641 gratislimi
1073 587 1217 644 saporis
1237 619 1247 633 ‚
1264 589 1307 629 ὅ(
1321 587 1405 631 esca
1422 603 1580 643 quoque
1597 588 1678 635 suan

230 636 379 679 viffima
402 640 568 696 piscibus
596 640 726 689 fiunt,
756 655 833 697 qua
862 643 1075 698 piscatores
1107 655 1274 687 utuntur
1302 655 1349 683 ut
1376 658 1440 684 eos
1472 647 1675 690 irretiant.

230 695 383 749 Squillis
410 696 578 752 denique
593 699 731 740 Gibbis
762 712 930 755 propter
949 703 1188 756 parvitatem
1215 700 1507 742 &structuram
1539 703 1677 756 adjun-

228 752 345 805 gendi
376 755 494 795 etiam
523 753 641 796 effent
669 757 1016 800 Pulicesmarini,
1046 769 1092 798 ut
1106 758 1269 799 cuilibet
1299 756 1678 802 attendentifitma-

229 807 407 850 nifestum
426 839 434 846 .
465 812 574 852 Inter
602 811 833 857 Crustaceos
863 812 1060 868 longiores
1077 814 1145 856 hic
1171 815 1418 869 reperiuntur
1436 813 1565 855 Astaci
1582 843 1592 859 ‚
1612 815 1676 859 sed

232 867 354 908 rarius
372 867 495 910 modo
513 898 523 913 ,
553 867 684 911 nescio
715 883 792 925 qua
821 870 869 909 de
884 870 1010 915 eauffa
1028 898 1038 914 ‚
1070 884 1190 924 quam
1205 871 1330 912 olim.
1360 871 1473 911 Inter
1496 870 1584 912 istos
1615 874 1674 914 in·

229 923 385 964 terdum
416 925 579 965 maximi
610 930 863 981 reperiuntur
880 924 1130 983 sesquipedali
1160 927 1411 981 longitudine
1429 957 1437 965 .
1465 928 1675 969 Crudiva-

228 979 276 1017 rii
306 977 392 1020 sunt
409 981 580 1027 coloris,
613 981 676 1024 sed
693 985 800 1024 coeti
830 986 985 1038 penitus
1012 985 1154 1025 rubent
1171 1011 1180 1020 .
1213 984 1348 1037 Qare
1375 982 1423 1026 ad
1439 984 1670 1027 Cammaros

228 1036 272 1075 &
289 1035 357 1092 ipsi
388 1040 605 1080 revocandi
623 1067 634 1083 ‚
665 1051 708 1080 ut
725 1040 799 1086 fert
814 1041 933 1086 etiam
965 1053 1101 1087 eorum
1118 1039 1245 1084 forma
1262 1067 1271 1080 .-

257 1151 1650 1191 ψψψψκυψψψψψψψψψψ
1690 1195 1701 1203 ,

625 1244 1062 1312 CAPVT
1133 1247 1291 1307 ΙΙΙ.-

259 1343 458 1384 STELLA
498 1359 710 1386 MARINA
743 1347 1040 1387 ECHINATIS
1072 1349 1410 1387 Konna-terri
1458 1355 1668 1387 Anxius

285 1415 454 1442 51²1le
503 1416 691 1444 CARENs
720 1434 731 1450 ,
774 1417 1048 1448 MEDIOCRI
1097 1413 1481 1446 MAGNITVDINE
1515 1431 1525 1447 ‚
1565 1400 1671 1446 1211*-

264 1457 442 1498 vT0R1s
471 1462 873 1505 ARIMINENSIS,

228 1550 258 1591 1.
290 1549 519 1640 STellam
548 1550 678 1598 hanc,
706 1554 817 1605 cujus
849 1552 1050 1593 interdum
1080 1549 1306 1592 immensam
1339 1552 1421 1592 vim
1465 1549 1552 1605 post
1578 1566 1670 1606 pro-

381 1607 497 1649 cellas
527 1611 681 1651 evomit
708 1608 882 1650 nostrum
914 1623 1018 1650 mare
1050 1639 1060 1655 ‚
1091 1623 1191 1663 quae
1225 1619 1389 1662 propter
1418 1622 1562 1662 corpus
1589 1622 1667 1648 me-

225 1665 359 1707 diocre
390 1678 482 1706 cum
513 1667 677 1706 Araneis
708 1666 921 1718 majoribus
964 1667 1246 1719 cognationem
1273 1665 1483 1718 quamdam
1523 1664 1667 1707 habere

227 1723 384 1763 videtur
403 1748 413 1764 2
442 1722 596 1766 Tabula
621 1720 834 1778 1V.figura
851 1723 915 1765 IV,
954 1720 1021 1763 sub
1051 1722 1187 1762 littera
1211 1723 1262 1762 D.
1293 1723 1403 1779 pingi
1433 1723 1666 1764 curavimus,

226 1791 344 1834 atque
374 1781 418 1820 iis
447 1780 670 1820 nominibus
700 1781 739 1820 in
771 1777 953 1835 apposito
985 1779 1105 1823 titulo
1121 1779 1354 1821 donavimus
1373 1806 1383 1820 ,
1414 1778 1522 1832 quod
1541 1779 1666 1818 minus

226 1849 325 1876 nota
342 1867 352 1882 ‚
381 1837 479 1877 &in
498 1837 602 1880 libris
621 1849 700 1877 non
730 1835 818 1878 satis
848 1837 945 1876 bene
961 1834 1161 1889 descripta
1188 1834 1366 1875 videatur
1383 1864 1389 1870 .
1409 1832 1547 1874 Affinis
1563 1836 1665 1874 enim

227 1893 382 1937 vide-tur
412 1891 639 1937 Lacertosae
668 1891 822 1933 Linckii
851 1890 949 1931 Tab·
968 1891 1022 1933 ΙΙ.
1051 1905 1157 1931 num.
1188 1890 1254 1935 IV.
1288 1889 1352 1930 sed
1383 1889 1499 1942 hujus
1523 1903 1667 1944 corpus

226 1963 316 1990 cum
334 1949 450 1990 radiis
467 1951 658 2001 majorem
673 1948 975 2004 proportionem
995 1947 1114 1989 habet
1130 1962 1248 2002 quarn
1263 1946 1358 1990 haec
1377 1945 1503 1987 nostra
1521 1979 1528 1986 .
1562 1946 1665 1988 Item

228 2008 509 2060 cognationem
526 2004 839 2049 habere'videtur
868 2019 960 2045 cum
976 2005 1221 2047 Lumbricali
1238 2003 1476 2059 longicauda
1498 2001 1667 2056 ejusdem

227 2063 324 2103 Tab-
342 2063 408 2104 XI.
427 2076 531 2102 num.
563 2063 685 2108 XVII.
715 2060 776 2102 sed
805 2063 935 2105 minor
966 2061 1182 2103 admodum
1209 2060 1262 2101 est
1290 2058 1543 2102 Ariminenfis
1571 2087 1579 2096 .
1614 2062 1667 2100 Si-

228 2119 363 2160 milior
394 2129 525 2160 tamen
557 2119 711 2162 videtur
729 2118 867 2161 Stellae
882 2117 1104 2162 lumbricali
1134 2131 1305 2172 corpore
1322 2117 1505 2157 lateribus
1524 2116 1663 2156 lunatis

228 2174 397 2230 ejusdem
412 2175 565 2219 Tabula
580 2177 704 2217 XXII.
722 2190 828 2215 num.
842 2175 1054 2216 XXXV&
1070 2174 1313 2228 aliquantum
1342 2183 1566 2228 pentagono
1585 2171 1665 2212 sco-

230 2233 480 2289 lopendroidi
508 2233 676 2288 regulari
707 2246 813 2272 num·
846 2232 963 2272 XLV.
992 2230 1144 2277 Tabula
1162 2231 1320 2272 XXV11.
1355 2229 1415 2269 sed
1434 2231 1556 2284 magis
1585 2229 1667 2284 gla-

229 2291 301 2330 bra
330 2288 382 2330 est
397 2289 645 2335 Ariminenfis
665 2318 672 2325 -
696 2290 842 2341 ,Qare
859 2302 980 2344 quum
1011 2288 1106 2329 haec
1132 2286 1248 2331 Stella
1266 2285 1398 2327 multis
1427 2287 1587 2340 quidem
1618 2283 1665 2325 fit

230 2344 353 2387 affinis
371 2373 381 2389 ‚
412 2347 508 2387 nulli
526 2362 621 2389 vero
636 2346 851 2402 descriptae
880 2345 1042 2393 eadem,
1074 2344 1151 2385 huc
1183 2346 1282 2384 inter
1310 2357 1366 2383 res
1395 2343 1518 2383 minus
1551 2353 1662 2382 notas

233 2403 436 2443 attulimus
454 2433 461 2441 .
487 2406 669 2458 Corpore
687 2432 697 2447 ‚
729 2415 774 2444 ut
789 2403 871 2444 dixi
890 2431 900 2446 ‚
915 2401 967 2443 est
982 2415 1105 2457 parvo
1122 2432 1131 2447 ,
1148 2416 1192 2441 ea
1210 2399 1356 2443 scilicet
1382 2398 1663 2454 magnitudine.

234 2474 354 2516 quam
380 2459 498 2502 allata
512 2461 653 2517 Figura
683 2457 970 2518 repraesentat.
1002 2460 1057 2500 Ex
1072 2461 1151 2512 ejus
1169 2473 1258 2505 ore,
1276 2456 1307 2503 fi
1324 2469 1465 2513 corpus
1490 2455 1664 2512 compriae

1593 2524 1673 2554 ma·
