1814 2902
188 188 208 224 8
625 189 722 232 DE
781 193 1193 236 CONCHIS

184 270 429 313 tumcellano
446 300 457 316 ‚
484 272 766 317 &Liburnenfi
792 277 842 318 ad
866 292 938 320 nos
961 279 1086 322 allato
1115 283 1398 337 cognovimus.
1430 284 1624 327 Sedimen-

184 340 270 368 tum
286 331 391 369 enim
407 328 549 370 horum
562 329 743 374 littorum
777 337 844 376 vix
860 336 1056 377 decimam
1073 348 1226 392 partem
1242 341 1424 380 continet
1438 343 1625 396 Conchy-

181 384 326 425 liorum
343 413 354 428 ‚
384 400 504 440 quam
520 390 702 430 continet
715 391 959 434 Ariminense
978 421 986 428 ·
1013 395 1085 435 Sed
1101 408 1196 449 prae
1210 398 1348 437 ceteris
1367 393 1538 438 nostrum
1555 412 1626 439 ex-

180 442 292 482 cellit
308 472 318 487 ,
344 444 452 496 quod
473 443 619 498 septem
632 459 774 499 genera
798 450 842 489 &
865 448 970 490 ultra
986 451 1193 492 Cornuum
1208 453 1442 493 Hammonis
1461 454 1627 494 minima

181 497 362 539 ostendat
388 528 399 542 ‚
429 500 536 554 quod
565 499 758 557 fingulare
786 505 1004 546 admodum
1031 506 1111 551 est,
1142 523 1264 563 quum
1290 508 1386 549 haec
1410 508 1594 550 Testacea
1612 537 1627 554 ‚

179 570 279 610 quae
297 567 339 596 ut
357 558 394 596 in
413 558 612 598 montibus
630 557 717 600 sunt
732 559 1039 616 frequentiffima
1056 590 1067 607 ‚
1097 573 1143 603 ut
1173 564 1265 605 teste
1288 568 1534 621 Bourguetto
1550 570 1627 616 (a)

177 612 286 653 ultra
302 611 506 668 sexaginta
520 629 664 669 genera
691 620 940 671 reperiantur
955 650 965 663 ‚
997 630 1038 659 ta
1070 633 1130 659 ,en
1157 622 1355 662 maritima
1375 621 1481 661 nulla
1497 622 1628 663 adhuc

177 670 357 710 Naturae
377 668 658 713 scrutatoribus
675 685 787 714 erant
800 677 964 730 cognita
977 704 989 720 ,
1017 690 1063 716 u·
1093 675 1208 717 multi
1224 678 1274 719 de
1288 693 1330 718 re
1347 678 1531 718 Naturali
1555 679 1628 720 mi-

178 741 249 766 nus
269 727 378 767 doen
412 739 603 768 montana
620 728 853 772 Hammonis
884 729 1052 773 Cornua¹
1075 734 1178 774 inter
1207 745 1373 775 naturae
1401 733 1502 774 lusus
1525 733 1625 775 refe-

180 784 302 824 renda
319 783 390 823 effe
408 785 695 828 arbitrarentur
711 815 718 823 ·
745 788 816 829 Sed
832 789 874 828 hi
891 790 940 830 ab
956 789 1014 829 his
1031 789 1168 831 nostris
1197 791 1353 833 abunde
1370 790 1602 831 refelluntur
1613 820 1628 838 ,

180 853 302 894 quum
321 839 408 879 heic
429 840 576 895 {eptem
603 844 922 895 gener-a&ultra
948 859 1106 888 cernere
1122 847 1241 888 liceat
1258 878 1265 886 .
1293 847 1526 900 Opinetiam
1542 857 1628 902 tan-

175 906 218 935 ta
236 895 288 937 est
305 897 457 936 ubertas
475 897 625 938 'horum
638 899 916 941 Testaceorum
932 929 942 943 ,
973 912 1018 941 ut
1047 903 1089 941 in
1119 902 1183 944 sex
1199 904 1324 944 unciis
1340 904 1552 944 Sedimenti
1567 902 1628 945 ul-

175 962 238 992 tra
255 967 399 993 novem
415 954 540 994 millia
556 956 764 996 Cornuum
792 959 1026 998 Hammonis
1051 960 1251 1000 variorum
1281 972 1467 1013 generum
1492 973 1629 1000 nume-

175 1010 346 1049 raverim
363 1036 371 1045 .
403 1011 541 1063 Qare
573 1011 622 1051 ab
644 1011 710 1052 ¹his
736 1015 912 1067 primum
927 1015 1159 1069 incipiemus
1191 1025 1277 1055 tum
1308 1026 1474 1069 propter
1501 1014 1630 1056 excel-

174 1064 342 1106 lentiam
360 1068 403 1106 ὃς
419 1081 628 1107 numerum
643 1095 655 1111 ‚
688 1079 775 1109 tum
804 1081 1019 1125 propterea
1034 1102 1046 1118 ,
1075 1074 1166 1125 quia
1195 1072 1237 1111 in
1267 1072 1405 1126 primis
1417 1085 1462 1113 ea
1478 1070 1628 1113 cauffae

177 1121 341 1162 fuerunt
357 1153 368 1168 ,
400 1134 446 1164 ut
463 1125 510 1164 de
528 1123 684 1177 reliquis
702 1127 984 1180 inquireremus
1001 1159 1010 1167 .

191 1223 1614 1268 mmmmmmmmmmmmfflmmmffl

589 1331 1031 1393 CAPVT
1113 1334 1219 1394 II.

287 1445 475 1490 CORNV
513 1447 804 1489 Hammona
844 1450 1096 1490 errorus
1138 1451 1508 1490 Anrmrnnnns

667 1538 1132 1566 vacA‘rrservnr

178 1638 209 1679 L
230 1640 329 1732 V
348 1634 635 1695 V'lgatiffimurn
665 1641 805 1685 vocavi
830 1636 908 1684 hoc
938 1639 1077 1683 Cornu
1102 1636 1334 1682 Hammonis
1360 1654 1479 1694 genus
1510 1639 1626 1682 litto*

360 1700 409 1738 ris
441 1697 692 1740 Ariminenfis
722 1729 733 1744 ‚
765 1700 873 1755 quod
908 1710 1020 1741 tanta
1052 1699 1109 1740 vis
1138 1698 1252 1750 hujus
1281 1697 1418 1739 Testae
1449 1699 1491 1738 in
1519 1695 1621 1738 sedi*

172 1766 309 1797 mento
337 1754 469 1796 nostro
498 1757 718 1810 reperiatur
736 1785 746 1800 ‚
778 1767 823 1797 ut
855 1758 894 1796 in
918 1753 1007 1798 solis
1037 1749 1101 1796 sex
1125 1756 1248 1794 unciis
1274 1754 1388 1807 hujus
1418 1753 1624 1794 sedimenti

172 1809 240 1853 sex
269 1810 396 1854 millia
419 1814 463 1853 ὃς
494 1811 742 1866 septingenta
765 1812 1075 1852 numeraverim.
1101 1809 1240 1863 Qare
1272 1819 1438 1850 numero
1468 1809 1623 1870 reliqua

171 1866 359 1910 Testacea
389 1871 522 1908 omnia
552 1868 711 1908 excedit
738 1897 747 1911 ‚
786 1879 905 1920 atque
938 1867 1037 1908 adeo
1073 1879 1152 1906 non
1179 1868 1380 1907 immerito
1409 1861 1624 1918 vulganffia-

173 1939 283 1966 mum
315 1922 586 1981 appellabitur
620 1951 628 1960 ·
675 1924 801 1978 Hujus
836 1923 1001 1978 figuram
1033 1937 1120 1964 aere
1152 1921 1330 1963 eacusam
1361 1920 1430 1962 sub
1461 1920 1624 1961 Litteris

172 1982 215 2022 B.
247 1983 295 2022 A.
327 1984 372 2022 C.
401 1979 554 2022 Tabula
571 1982 601 2020 I.
618 1995 778 2023 cernere
807 1981 927 2021 licet.
960 1980 1083 2033 Qod
1107 1979 1313 2019 exhibetur
1340 1979 1473 2018 littera
1501 1979 1539 2017 A
1567 1974 1623 2016 est

174 2039 394 2094 expressum
425 2039 464 2078 in
494 2037 594 2079 statu
627 2039 797 2079 naturali
827 2052 876 2079 ex
907 2037 1126 2091 exemplari
1157 2036 1322 2087 majoris
1352 2032 1467 2075 molis
1493 2047 1503 2077 ;
1533 2031 1623 2073 reli»-

174 2110 251 2150 qua
281 2096 363 2138 duo
393 2098 508 2136 aurfta
523 2094 606 2136 sunt
624 2126 634 2141 ,
665 2106 787 2151 prout
803 2103 998 2150 apparent
1014 2091 1138 2133 oculis
1154 2092 1264 2132 vitro
1279 2089 1496 2153 instrue-tis.
1528 2089 1624 2128 Par-

173 2155 271 2195 vitas
288 2153 401 2207 hujus
416 2149 590 2194 Testacei
619 2153 851 2208 plerumque
880 2149 932 2191 est
961 2158 1072 2190 tanta
1089 2179 1099 2193 ‚
1126 2159 1172 2188 ut
1202 2155 1362 2187 centurn
1377 2154 1541 2200 triginta
1563 2150 1622 2184 rea-¹

171 2212 408 2265 quirantur,
439 2221 486 2250 ut
516 2210 672 2264 pondus
705 2211 815 2249 unius
849 2209 998 2248 triticei
1030 2206 1142 2261 grani
1172 2213 1432 2268 exaequent..
1464 2201 1621 2241 Tamen

175 2268 286 2307 nudis
317 2266 440 2308 oculis
468 2268 518 2307 ab
547 2267 730 2307 omnibus
760 2278 834 2322 pro
858 2267 957 2306 veris
988 2262 1185 2304 Cornibus
1201 2261 1435 2301 Hammonis
1450 2268 1636 2313 propter-

173 2336 356 2366 externas
373 2323 456 2365 illas
472 2323 765 2366 intersestiones
795 2323 981 2376 variaque
1007 2319 1276 2361 loculamenta
1300 2312 1622 2410 cognoscunteufl.

1482 2384 1537 2426 qu
1602 2390 1622 2402 ⁶

219 2484 271 2516 (a)
291 2483 532 2522 Bourguezzemes
544 2483 767 2520 Philofhplziques
780 2476 832 2519 fiir
851 2481 879 2510 la
898 2480 1055 2510 formation
1067 2480 1113 2508 des
1125 2477 1188 2507 Sels
1210 2474 1236 2508 ἃ
1254 2477 1300 2506 des
1319 2475 1446 2514 Crystaux
1456 2469 1503 2501 &a
1523 2469 1540 2498 ‘a
1558 2468 1626 2498 Am·

329 2518 446 2549 sterdam
464 2528 538 2552 ²7²9-
556 2529 594 2546 η.
605 2521 661 2550 vid.
675 2518 787 2556 Preface
794 2528 859 2555 pag.
870 2525 950 2547 xxxx.
