1814 2902
437 216 919 259 APPENDIX
978 214 1287 256 PRIMA.
1552 219 1602 260 87

125 305 346 347 Turbinum
376 303 462 346 sunt
478 306 750 360 Operculum.
783 303 983 357 Purpurae
1012 317 1134 346 vero,
1164 304 1208 343 &
1228 300 1454 358 praesertim
1466 303 1602 345 Reffi.

122 361 270 405 rostrae
285 391 297 407 ,
329 377 428 417 quae
445 362 552 417 apud
580 378 650 403 nos
667 358 934 416 vulgatiffima
958 358 1012 400 est
1027 388 1038 402 ,
1069 361 1113 400 &
1130 358 1199 412 sub
1229 362 1392 409 nomine
1401 360 1518 401 Clavi
1532 375 1601 402 co-

124 418 326 476 gnoscitur
343 420 465 475 vulgo
481 419 610 461 Chiodo
624 447 637 464 ,
653 417 901 473 Operculum
927 415 981 457 est
1000 417 1228 471 Ellipticum
1247 448 1258 463 ‚
1286 417 1349 458 sed
1366 416 1574 460 distortum
1589 451 1601 466 ,

124 477 173 518 ad
195 491 341 533 ungues
373 477 561 517 odoratas
580 507 593 523 ,
621 473 686 518 seu
718 475 956 516 aromaticas
986 472 1248 515 officinarum
1278 476 1598 527 amandandum.

123 534 348 575 Gualterius
365 533 569 576 Strombos
601 545 724 576 vocat
738 532 931 575 Turbines
959 529 1046 571 istos
1075 530 1291 586 digitatos‚
1320 534 1366 572 &
1394 533 1600 574 Rondele.

122 592 244 638 tium,
260 588 363 645 quasi
378 606 444 633 eos
459 590 509 632 fic
533 590 703 632 vocaffet
718 618 729 634 ,
758 587 810 630 fic
825 588 919 630 alibi
938 588 1191 643 Rumphium
1206 617 1217 632 ,
1243 590 1289 629 ὃς
1305 604 1367 630 me
1382 620 1393 635 ,
1423 587 1596 643 aliosque

121 649 222 689 citat
238 678 249 694 ,
276 649 347 702 ‘qui
363 649 441 690 alio
456 650 614 689 nomine
630 646 743 689 hasce
759 660 817 689 res
834 646 1065 687 vocavimus
1081 674 1091 688 ‚
1122 647 1235 686 &ita
1251 647 1379 687 bonus
1395 645 1462 687 ille
1477 648 1596 688 Gual-

120 707 238 746 terius
257 707 420 760 antiqua
435 707 598 747 nomina
616 707 736 748 vertit
752 732 762 748 ,
792 704 836 743 &
853 704 986 759 inepte
1001 703 1248 744 Auctoribus
1271 703 1355 744 aliis
1372 704 1513 745 tribuit
1529 736 1537 743 .

173 763 248 803 XV.
279 763 365 818 Pag.
389 777 449 812 19.
467 768 506 803 in
525 764 605 818 fine
619 764 705 818 Cap.
724 760 803 802 XII.
829 759 1039 801 Conchula
1066 760 1164 801 haec
1189 762 1355 802 minima
1371 763 1481 802 arcte
1505 762 1544 801 in
1559 761 1595 801 se

116 829 305 860 contorta
319 819 528 860 Concham
554 821 775 861 veneream
803 817 1107 873 quodammodo
1137 817 1305 859 referens
1337 817 1595 873 frequentiffi-
1624 829 1627 831 ’

117 890 181 917 ma
211 875 263 917 est
292 877 332 916 in
356 877 582 918 sedimento
605 878 771 917 Littoris
802 873 1073 921 Liburnensis,
1103 885 1148 916 ut
1171 875 1254 915 dixi
1287 877 1326 915 in
1356 875 1594 929 Appendice

116 932 382 988 Phytobasani
405 949 428 974 a
455 949 518 974 me
535 932 655 976 recufi
676 932 744 974 sub
759 947 926 974 numero
942 932 1013 972 lv.
1059 941 1068 951 ¹

138 1031 141 1033 .
171 990 266 1032 XVI·
300 991 388 1046 Pag·
407 1005 464 1032 21·
483 992 507 1031 l.
530 1004 563 1042 ς.
594 989 834 1032 Excrescunt
864 989 1025 1045 quidem
1042 992 1083 1031 in
1100 993 1200 1032 mari
1230 989 1363 1032 nostro
1379 991 1517 1032 Echini
1533 989 1593 1031 isti

116 1048 246 1103 nigri,
278 1048 321 1087 &
345 1048 543 1088 interdum
568 1050 622 1089 ita
655 1046 853 1102 assurgunt
870 1078 882 1094 ,
910 1058 955 1088 ut
979 1062 1072 1089 cum
1103 1046 1367 1103 superioribus
1385 1076 1396 1092 ‚
1426 1050 1495 1103 qui
1509 1050 1594 1089 Me·-

113 1104 220 1146 lones
247 1107 473 1145 vocitantur
490 1134 500 1148 ,
516 1103 659 1161 pcss‘int
689 1106 915 1161 comparari
931 1132 942 1148 ‚
961 1105 1005 1145 ὃς
1022 1104 1116 1146 testa
1133 1103 1309 1146 craffiori
1324 1135 1335 1151 ,
1361 1105 1594 1160 duriorique

112 1160 291 1202 constant
308 1190 316 1198 .
348 1163 396 1202 In
420 1157 495 1202 fine
512 1177 650 1204 eorum
683 1162 956 1203 intestinorum
978 1161 1122 1203 stercus
1146 1161 1317 1216 pilulare
1332 1163 1527 1217 reperitur
1542 1176 1593 1203 ex

110 1219 279 1260 materia
302 1230 483 1259 cretacea
501 1230 737 1261 concretum
753 1249 764 1264 ,
792 1219 900 1274 quod
928 1219 1109 1260 Battarra
1123 1217 1254 1259 noster
1268 1218 1499 1275 Petrobryis
1515 1219 1592 1259 ori-

112 1276 248 1330 ginem
262 1277 448 1331 praebere
464 1277 614 1317 arbitra
621 1288 685 1317 tur
702 1305 710 1313 .
741 1274 911 1316 Fortaffe
930 1275 1100 1317 terrestri
1115 1274 1203 1316 luto
1217 1306 1228 1322 ,
1245 1274 1422 1331 limoque
1437 1274 1593 1318 vescun-

113 1342 176 1372 tur
192 1360 204 1375 ‚
234 1334 297 1373 vel
312 1331 518 1373 conchulis
535 1363 546 1379 ,
573 1347 673 1388 quae
700 1334 910 1374 materiam
930 1333 1124 1387 praebent
1137 1331 1301 1374 stercori
1323 1333 1383 1374 illi
1407 1332 1590 1388 pilularis

112 1385 260 1445 figurae
278 1421 285 1428 .
317 1390 469 1430 Priores
487 1389 624 1431 Echini
648 1392 814 1443 majores
829 1417 840 1434 ‚
871 1404 970 1444 quos
986 1389 1165 1431 Melones
1182 1388 1391 1444 appellant
1404 1418 1415 1434 ‚
1428 1388 1591 1432 vescun-

113 1456 177 1487 tur
199 1446 419 1488 Tubularia
442 1446 571 1488 nostra
588 1448 776 1504 Filograna
791 1445 899 1487 dicoca
916 1475 927 1490 ,
957 1461 1078 1501 quam
1107 1444 1409 1501 copiofiffimam
1437 1450 1590 1488 contri-

115 1504 254 1544 tamin
275 1517 414 1545 eorum
443 1504 672 1545 ventriculis
702 1506 859 1547 inveni,
889 1506 933 1544 ὃ(
949 1504 1088 1558 pilulas
1105 1505 1132 1544 ii
1148 1517 1308 1558 quoque
1335 1506 1374 1543 in
1391 1501 1468 1545 fine
1493 1506 1591 1545 inte-

112 1559 299 1602 stinorum
331 1572 501 1616 gerunt,
534 1562 593 1601 uti
621 1561 796 1602 dicemus
818 1589 833 1606 ,
868 1561 936 1602 ubi
966 1560 1015 1602 de
1043 1574 1182 1602 eorum
1211 1559 1356 1601 incessu
1389 1562 1509 1603 verba
1539 1561 1593 1603 fa·

113 1631 256 1659 ciemus
273 1650 282 1657 .

168 1674 280 1715 XVII.
311 1675 399 1730 Pag-
419 1689 482 1728 23.
501 1675 566 1715 lin.
583 1688 623 1723 4.
641 1675 825 1715 Conchas
842 1676 1086 1730 Amygdalas
1114 1677 1241 1717 dietas
1258 1691 1351 1718 cum
1379 1690 1513 1717 earum
1530 1679 1591 1718 A..

113 1730 329 1773 nimalculo
345 1733 498 1786 optime
514 1732 639 1787 pictas
655 1760 666 1775 ‚
695 1733 738 1773 &
754 1731 889 1773 incisas
906 1733 1086 1773 dabimus
1117 1735 1157 1773 in
1170 1733 1404 1789 Appendice
1421 1732 1590 1776 secunda

114 1787 210 1828 Tab.
226 1789 296 1830 XI·
321 1789 390 1830 ubi
414 1791 490 1829 tria
518 1786 678 1829 officula
693 1787 759 1829 illa
774 1786 921 1843 figurae
946 1787 1141 1846 prismatis
1162 1789 1451 1831 rhomboidalis
1466 1806 1590 1848 appa-

112 1846 257 1886 rebunt
273 1860 282 1889 ;
314 1847 407 1887 item
437 1847 492 1886 ibi
508 1846 756 1900 apparebunt
771 1848 848 1887 tria
862 1844 1025 1886 officula
1039 1849 1163 1887 Nucis
1185 1849 1357 1888 marinae
1372 1876 1384 1892 ‚
1412 1862 1514 1903 quae
1529 1851 1590 1890 ni-

112 1916 182 1956 gra
197 1900 283 1942 sunt
299 1933 309 1948 ,
337 1902 522 1944 &multo
553 1904 706 1943 minora
732 1917 854 1958 quam
871 1905 910 1943 in
936 1903 1163 1958 Amygdala
1179 1935 1187 1942 .
1216 1905 1318 1945 Heic
1335 1915 1491 1945 tantum
1521 1907 1590 1947 ad-

111 1958 165 1999 do
181 1987 190 2001 ,
210 1961 335 2000 minus
351 1971 442 2013 apte
460 1975 482 2000 a
497 1961 691 2002 Zinannio
714 1958 962 2013 Sanguisucas
989 1959 1096 2001 fuiffe
1122 1961 1341 2017 appellatas
1366 1960 1589 2015 hujusmodi

113 2015 296 2056 Concbas
310 2047 322 2062 ,
352 2016 460 2070 quod
483 2017 697 2071 aliquando
724 2030 788 2057 eas
803 2016 989 2070 Favagini
1006 2016 1229 2058 Aristotelis
1256 2018 1514 2060 adhaerentes
1530 2022 1589 2062 vi-

113 2071 217 2113 derit
234 2090 244 2118 ;
274 2071 379 2128 ipsae
392 2074 498 2114 enim
517 2104 526 2118 ‚
550 2084 594 2114 ut
611 2071 726 2128 supra
741 2075 878 2121 innui,
909 2072 1115 2115 vescuntur
1130 2071 1374 2129 potiffimum
1388 2077 1587 2119 Cornibus

113 2128 344 2171 Hammonis
359 2160 370 2176 ‚
398 2128 461 2171 seu
479 2131 654 2172 Nautilis
683 2128 852 2173 secundo
877 2132 971 2172 loco
996 2146 1019 2171 a
1042 2146 1104 2171 me
1120 2130 1324 2186 descriptis
1352 2135 1484 2189 capite
1510 2144 1586 2175 ter-

114 2188 197 2227 tio.
228 2187 365 2243 Qare
391 2185 417 2228 fi
442 2189 659 2243 aliquando
684 2187 963 2230 adhaerescunt
977 2189 1164 2244 Favagini
1181 2219 1191 2235 ‚
1222 2190 1263 2230 id
1289 2190 1389 2233 erit,
1422 2192 1584 2246 quando

115 2243 270 2300 Favago
300 2245 452 2300 repleta
481 2247 559 2292 est,
589 2247 632 2286 &
655 2248 884 2288 Neritarum
913 2245 1032 2287 ovula
1057 2248 1263 2293 continet,
1292 2249 1348 2287 uti
1381 2247 1582 2295 dicemus,

112 2300 208 2341 dum
233 2300 438 2358 ipsammet
455 2303 688 2359 Favaginem
715 2304 872 2360 plenam
902 2302 1160 2345 describemus
1191 2305 1330 2345 eadem
1343 2304 1497 2346 Tabula
1513 2307 1582 2347 XI.

171 2359 302 2399 XVIII.
322 2360 409 2416 Pag.
431 2375 491 2409 24.
507 2362 581 2416 Cap
610 2361 711 2401 XVII
752 2364 886 2417 Caput
900 2360 979 2402 hoc
996 2363 1161 2402 omnino
1185 2363 1487 2416 expungendum
1504 2363 1578 2403 est.

114 2415 210 2455 Non
239 2418 345 2457 enim
375 2418 424 2457 ad
444 2417 627 2459 Conchas
646 2419 822 2462 bivalvas
851 2418 1053 2460 referenda
1078 2417 1164 2459 sunt
1189 2434 1360 2475 corpora
1390 2419 1486 2461 haec
1515 2419 1581 2461 sub

113 2469 176 2528 fig.
193 2475 240 2515 X·
257 2474 353 2515 Tab.
371 2474 421 2515 ΙΙ.
436 2475 609 2532 expressa
624 2504 636 2521 ‚
669 2475 731 2519 sed
744 2478 916 2519 cortices
932 2474 1018 2518 sunt
1046 2475 1199 2518 seminis
1222 2476 1432 2519 Pafferinae
1462 2478 1582 2531 Tragi

1515 2533 1578 2575 seii.
