1814 2902
218 229 270 272 98
541 222 917 265 APPENDIX
963 225 1317 266 SECVNDA.

214 306 276 350 seu
294 309 332 348 in
348 317 484 349 ventre
513 306 679 354 Echini,
708 308 752 348 &
769 310 861 350 Ova
877 339 888 356 ,
903 308 964 351 seu
979 313 1128 353 Ovaria
1150 308 1347 364 defignata
1376 308 1463 350 sunt
1491 312 1534 351 in
1547 307 1612 364 fig.
1627 307 1666 346 B·

215 365 384 406 'rab-11.
419 362 486 406 sub
517 364 659 406 litteris
691 364 724 407 h·
736 366 768 406 h.
780 366 812 406 h.
825 367 857 407 h.
874 366 929 409 h.‚
960 366 1018 408 sed
1038 367 1106 408 ista
1130 367 1324 409 foramina
1352 366 1489 421 paullo
1514 369 1666 420 majora

218 422 467 477 reperiuntur
491 422 615 462 etiam
632 423 673 462 in
689 423 835 463 vertice
848 424 1157 479 Triangulorum
1174 424 1467 479 perforatorum
1490 451 1500 467 ‚
1531 422 1667 463 fortas-

216 477 251 519 se
283 488 341 519 ut
387 478 524 520 melius
554 477 715 522 excludi
741 478 887 533 poffint
916 495 993 522 ova
1023 481 1206 522 immensa
1235 481 1472 521 Echinorum
1504 480 1545 520 in
1570 493 1666 520 con-

218 538 322 590 gerie
349 537 415 577 illa
446 536 586 576 conica
615 534 859 580 sacculorum
893 537 926 578 h.
945 537 978 578 h.
997 537 1118 584 ἠύς.
1147 537 1347 578 collocata
1377 565 1388 581 ‚
1432 538 1476 578 ὃ(
1511 535 1666 577 fortasse

214 608 290 649 pro
321 590 485 648 ingressu
517 605 639 645 aquae
661 594 852 636 'marinae
883 595 986 635 intra
1018 609 1162 650 corpus
1194 594 1333 634 Echini
1363 622 1373 637 ‚
1403 607 1481 648 qua
1515 591 1664 648 semper

213 648 399 690 refertum
417 646 470 689 est
487 676 495 684 ·
532 649 692 689 Praeter
708 648 776 689 ista
791 648 986 698 foramina
1002 651 1082 692 duo
1098 652 1176 692 alia
1205 661 1409 706 praeterea
1438 652 1590 703 majora
1604 662 1666 689 re-

213 708 422 761 peri-untur
437 706 477 753 in
494 704 644 745 Echino
661 733 671 748 ‚
688 719 833 759 nempe
849 722 971 748 unum
997 722 1070 763 pro
1087 709 1167 749 Ore
1184 739 1193 753 ‚
1220 710 1263 748 &
1279 707 1446 749 alterum
1466 722 1542 763 pro
1557 707 1659 747 Ano.

213 763 407 804 Foramen
424 777 497 818 pro
515 762 598 804 Ore
616 760 668 802 est
696 764 914 805 maximum
947 762 1156 806 fortissima
1172 764 1399 806 membrana
1427 763 1662 806 obductum,

214 821 257 860 in
273 822 381 873 cujus
402 820 535 861 medio
566 820 739 874 quinque
771 819 902 861 dentes
932 822 1134 876 prodeunt
1164 823 1206 862 in
1228 823 1342 877 apice
1371 819 1562 862 durifflmi
1579 847 1590 863 ‚
1617 820 1662 861 &

214 873 458 933 semilapidei
476 906 487 922 ,
518 886 564 917 ut
595 874 682 917 sunt
713 878 753 917 in
783 875 969 924 homine,
999 878 1063 918 sed
1095 880 1134 919 in
1162 880 1293 920 radice
1312 906 1323 922 ,
1352 891 1452 932 quae
1483 877 1661 930 oblonga

212 933 328 975 valde
355 933 408 974 est
425 962 435 977 ‚
461 933 549 974 {unt
580 931 737 974 testacei
757 961 765 969 ·
798 935 946 975 Dentes
972 931 1082 975 infixi
1109 932 1197 976 sunt
1221 937 1260 975 in
1276 936 1448 989 quadam
1478 933 1661 975 machina

210 989 396 1032 Testacea
423 992 565 1031 conica
580 1019 590 1035 ‚
621 1004 720 1044 quae
738 990 930 1045 Diogenis
962 992 1112 1036 laterna
1136 991 1260 1047 vulgo
1282 992 1430 1032 dicitur
1448 1018 1460 1035 ‚
1489 992 1534 1031 &
1563 988 1662 1030 haec

213 1047 399 1090 machina
427 1077 437 1090 ‚
468 1061 569 1103 quae
602 1047 760 1088 mobilis
792 1049 845 1088 est
875 1076 886 1092 ‚
919 1049 1119 1090 collocata
1153 1059 1319 1105 apparet
1351 1049 1455 1088 inter
1488 1047 1663 1103 quinque

213 1104 346 1147 valvas
372 1104 586 1160 perforatas
606 1133 616 1148 ‚
647 1117 746 1158 quae
763 1119 813 1145 ex
827 1104 941 1147 Testa
956 1106 1093 1146 Echini
1110 1104 1260 1148 inversa
1275 1105 1518 1158 consurgunt
1533 1130 1547 1148 2
1562 1115 1662 1158 quae

213 1163 352 1202 omnia
376 1161 612 1202 adumbrata
633 1160 722 1201 sunt
738 1162 889 1203 Tabula
904 1164 956 1203 ΙΙ.
974 1165 1014 1203 in
1032 1161 1086 1218 fig
1117 1164 1166 1203 A.
1185 1177 1312 1220 prope
1325 1164 1374 1203 C·
1393 1176 1403 1207 ;
1420 1163 1524 1202 circa
1540 1173 1662 1202 mem-

216 1219 384 1259 branam
402 1229 607 1259 externam
630 1245 640 1261 ,
671 1230 768 1272 quae
787 1220 915 1274 cingit
930 1220 1062 1261 dentes
1080 1250 1091 1266 ,
1108 1221 1357 1274 reperiuntur
1381 1219 1517 1259 decem
1532 1216 1663 1273 papil-

215 1275 278 1317 lae
295 1274 483 1316 testaceae
504 1285 716 1316 excavatae
733 1303 744 1320 ,
770 1289 869 1329 quae
887 1273 1040 1316 fortaffe
1056 1276 1153 1316 olim
1171 1288 1284 1318 erant
1303 1274 1554 1330 receptacula
1569 1286 1662 1313 acu-

212 1332 365 1374 leorum
387 1362 395 1371 .
429 1332 613 1372 Alterum
640 1328 818 1372 foramen
843 1330 896 1372 est
923 1332 972 1372 ad
995 1332 1129 1372 Anum
1159 1346 1195 1372 n.
1214 1360 1223 1375 ‚
1259 1332 1367 1386 quod
1386 1330 1612 1371 occluditur
1638 1342 1661 1369 a

214 1389 443 1430 membrana
468 1388 562 1428 item
581 1386 788 1429 fortissima
804 1415 814 1431 ‚
835 1388 947 1445 super
963 1402 1081 1444 quam
1101 1386 1187 1429 sunt
1204 1391 1334 1429 variae
1365 1387 1539 1443 papillae
1568 1399 1661 1428 acu-

213 1445 281 1488 leis
313 1445 545 1501 plerumque
576 1444 750 1486 donatae
774 1472 784 1489 ‚
813 1460 908 1500 quas
935 1446 1162 1487 Gualterius
1193 1460 1267 1502 pro
1301 1444 1534 1501 corporibus
1559 1442 1660 1497 lapi-

213 1503 294 1546 deis
312 1503 538 1544 Cerebrites
557 1501 810 1543 referentibus
828 1504 984 1557 accepit
1000 1533 1011 1548 ‚
1040 1502 1100 1543 sed
1117 1517 1251 1544 revera
1270 1501 1358 1542 sunt
1376 1500 1548 1555 papillae
1564 1513 1657 1540 acu-

215 1561 368 1602 leorum
385 1590 393 1598 .
426 1555 658 1600 Intestinum
673 1561 826 1608 rectum
841 1561 975 1600 Anum
992 1557 1162 1600 efficiens
1178 1559 1338 1612 oblique
1356 1557 1534 1612 perforat
1555 1555 1656 1598 hanc

213 1617 511 1658 membranam·
544 1614 704 1658 Canalis
726 1615 1003 1657 Intestinorum
1031 1617 1170 1669 incipit
1195 1617 1245 1656 ab
1272 1617 1353 1655 Ore
1369 1616 1416 1654 C·
1449 1615 1548 1654 &in
1579 1624 1656 1655 tres

214 1673 386 1714 sacculos
411 1675 455 1713 C.
476 1675 521 1713 C.
541 1672 586 1711 C.
611 1671 835 1712 extenditur
855 1701 865 1716 ‚
883 1674 950 1728 qui
965 1671 1090 1714 veluti
1117 1684 1194 1712 tres
1209 1670 1427 1712 Ventriculi
1459 1669 1546 1712 sunt
1562 1699 1569 1707 .
1588 1672 1658 1711 Ci-

214 1735 284 1771 bus
300 1731 538 1771 Echinorum
565 1729 763 1782 majorum
779 1757 790 1773 ‚
819 1731 889 1784 qui
904 1744 927 1771 a
943 1728 1078 1770 nostris
1095 1729 1271 1770 Melones
1289 1728 1430 1769 marini
1454 1728 1654 1771 dicuntur,

217 1787 271 1828 est
286 1788 493 1842 Filograna
511 1784 641 1827 nostra
657 1816 668 1832 ,
697 1800 795 1840 quae
825 1787 862 1826 in
881 1786 953 1827 hac
969 1787 1204 1841 Appendice
1237 1784 1466 1826 describitur
1481 1813 1493 1829 ,
1522 1785 1566 1835 ὃς
1582 1786 1655 1824 in.»

213 1846 366 1886 Tabula
385 1845 488 1887 XIX.
506 1844 664 1897 depicta
684 1842 760 1882 est.
785 1845 906 1884 Cibus
925 1842 1163 1883 Echinorum
1182 1842 1409 1897 vulgarium
1433 1841 1608 1881 creditur
1630 1854 1655 1882 a

214 1902 457 1943 Rondeletio
481 1904 626 1942 Lutum
641 1928 651 1944 ‚
671 1899 804 1940 Arena
821 1927 832 1944 ‚
849 1900 966 1953 Aqua
985 1900 1137 1940 marina
1149 1926 1158 1942 ‚
1191 1897 1254 1939 sed
1271 1910 1392 1953 quum
1408 1911 1545 1938 eorum
1562 1896 1654 1937 den-

215 1972 269 2000 tes
295 1957 369 1998 s1nt
398 1954 586 1998 duriflimi
603 1985 613 2000 ‚
638 1953 793 1997 fortaffe
821 1957 864 1996 ὃ(
896 1957 1008 1997 rebus
1039 1955 1260 1998 durioribus
1285 1952 1491 1996 vescuntur
1508 1954 1551 1995 ὃς
1567 1951 1650 2007 ipfi·

213 2015 378 2070 §cybala
407 2029 476 2070 per
503 2015 637 2055 Anum
657 2025 821 2066 egerunt
847 2014 1005 2067 utrique
1031 2012 1204 2054 rotunda
1222 2012 1330 2053 velut
1361 2024 1480 2065 grana
1504 2011 1655 2056 Viciae,

215 2075 259 2114 ἃ.
290 2074 472 2112 Battarra
497 2069 624 2112 noster
650 2072 902 2123 conjectatur
929 2083 978 2110 ex
1005 2069 1062 2112 his
1088 2069 1251 2125 scybalis
1267 2080 1401 2110 ortum
1424 2067 1565 2109 ducere
1582 2067 1654 2108 Pe-

214 2130 410 2185 trobryon
428 2159 440 2175 ,
469 2128 577 2183 quod
595 2129 635 2168 in
653 2130 753 2169 mari
781 2125 913 2169 nostro
930 2126 982 2167 est
997 2124 1342 2181 frequentissimum
1360 2152 1367 2161 ·
1399 2123 1653 2166 Observatio-

215 2202 280 2227 nes
310 2188 359 2227 de
373 2183 521 2228 Inceffu
538 2184 781 2226 Echinorum
807 2199 830 2225 a
852 2197 914 2226 me
938 2182 1138 2224 institutae
1161 2182 1320 2225 fuerunt
1350 2182 1390 2222 in
1400 2180 1550 2222 Echino
1567 2179 1649 2221 vul-

215 2245 298 2297 gari
315 2245 363 2283 A.
380 2243 535 2285 Tabula
550 2242 581 2282 1.
612 2242 690 2283 Vbi
707 2241 795 2283 heic
826 2240 1043 2283 notandum
1073 2237 1215 2296 figuras
1231 2240 1282 2280 D.
1297 2239 1347 2281 D.
1364 2237 1650 2295 repraesentare

214 2315 390 2344 cornua,
421 2314 520 2355 quae
537 2298 622 2340 sunt
654 2299 704 2340 ad
733 2315 755 2340 cz
787 2315 821 2341 a·
842 2312 977 2346 a.a.a.
1007 2297 1113 2339 lente
1129 2298 1253 2338 vitrea
1284 2297 1400 2337 aucta
1418 2324 1426 2333 .
1458 2293 1650 2337 Observa-

219 2359 345 2398 tiones
370 2372 466 2399 vero
490 2357 539 2400 de
571 2371 706 2399 eorum
738 2356 939 2399 Testarum
970 2354 1162 2396 structura
1203 2352 1386 2396 institutae
1414 2353 1572 2395 fuerunt
1607 2352 1659 2391 in>

217 2413 365 2455 Echino
391 2416 533 2468 majori
549 2445 559 2461 ,
576 2416 764 2469 quoniam
781 2414 932 2456 facilius
947 2416 1026 2467 ejus
1043 2426 1255 2468 compages
1271 2409 1491 2453 diffolv·itur
1504 2440 1515 2456 ,
1530 2421 1649 2464 quam

216 2485 428 2527 compages
447 2471 688 2513 Echinorum
705 2472 925 2528 vulgarium
943 2499 954 2515 ‚
983 2471 1159 2524 quamvis
1183 2471 1226 2510 <Sc
1242 2468 1310 2526 ipsi
1325 2467 1524 2509 interdum
1542 2463 1649 2519 apud

1580 2533 1650 2561 nos
