1814 2902
182 217 228 252 88
490 208 962 251 APPENDIX
1021 207 1338 252 PRIMA.

181 289 245 332 seu
260 289 514 345 Thymilaeae
529 293 706 334 Linariae
721 292 819 335 folio
835 294 1005 350 vulgaris
1020 294 1291 337 Tournefortii
1307 326 1317 342 ,
1350 306 1393 335 ut
1412 309 1472 337 me
1501 296 1657 338 monuit

181 349 346 402 Joannes
372 347 592 389 Franciscus
624 351 837 404 Seguierius
864 350 1132 393 Nemausenfis
1162 353 1211 394 de
1225 353 1416 394 Botanica
1432 380 1442 396 ,
1472 351 1656 393 &Histo-

182 407 241 445 ria
257 405 434 444 Naturae
461 407 612 461 optime
627 408 789 448 meritus
807 439 817 455 ,
834 408 930 449 dum
945 407 1127 451 Veronae
1142 420 1364 451 moraretur
1393 409 1500 463 apud
1518 408 1655 450 Maffe-

183 465 265 518 jum
282 493 289 500 .
322 462 477 503 Semina
491 465 596 503 enirn
614 463 842 505 Plantarum
855 493 867 509 ,
896 466 940 505 &
966 480 1105 507 eorum
1124 469 1292 508 cortices
1309 464 1535 522 praesertim
1553 480 1654 521 aqua

184 520 336 560 marina
351 519 550 560 interdum
567 522 622 561 ita
640 520 870 562 indurantur
887 553 898 569 ‚
927 533 972 562 ut
987 523 1083 578 quid
1098 523 1326 565 Testaceum
1343 521 1513 564 referant
1530 550 1537 559 .

197 605 199 607 .
242 574 393 616 XVIIII·
426 576 514 631 Pag.
530 590 596 624 24·
614 578 698 633 Cap.
718 578 828 618 XVII.
847 579 987 620 Stellae
1002 581 1175 621 marinae
1200 579 1351 621 nostrae
1379 579 1554 634 vulgares
1573 593 1654 620 non

186 643 342 674 tantum
364 632 442 673 hoc
458 633 675 674 Buccinulo
702 633 910 677 vescuntur
923 667 935 683 ,
964 635 1024 676 sed
1041 635 1246 678 vescuntur
1263 638 1382 677 etiam
1395 636 1555 677 Tellinis
1572 636 1658 679 vul.

187 690 343 744 garibus
369 690 586 731 minoribus
603 719 613 734 ‚
646 692 689 732 ὃ(
708 693 904 732 interdum
932 694 972 733 in
997 708 1134 734 eorum
1163 703 1300 735 ventre
1314 693 1492 735 Tellinae
1521 693 1656 749 paullo

188 748 353 799 majores
377 748 626 802 reperiuntur
642 777 651 791 ‚
677 759 722 789 ut
735 750 878 790 mirum
902 750 1083 791 videatur
1100 781 1109 796 ,
1140 750 1346 805 quomodo
1377 749 1583 790 Stellarum
1599 750 1656 794 ,Os

186 806 242 844 ita
256 803 424 845 hiaverit
439 835 450 850 ,
468 816 513 845 ut
529 820 591 845 eas
608 804 835 860 deglutierit
850 822 861 851 ς
890 806 1037 848 affervo
1052 809 1155 849 enim
1171 807 1274 863 apud
1291 822 1354 855 me
1370 806 1505 848 Stellas
1522 817 1657 849 ventre

187 859 408 915 hujusmodi
424 861 597 903 Conchis
614 862 751 919 paullo
767 864 980 917 majoribus
1005 864 1136 917 plenas
1156 896 1164 904 .

245 918 323 959 XX.
353 919 441 974 Pag·
464 921 570 970 25-1.
594 934 652 961 10.
676 921 762 976 Cap·
781 921 911 961 XVIII·
930 919 1078 962 Foffiles
1096 921 1342 976 reperiuntur
1367 918 1503 976 paffim
1532 920 1659 974 hujus-

187 975 298 1016 modi
313 974 449 1017 Testae
466 977 628 1017 Buecini
644 1008 655 1023 ,
687 977 747 1018 seu
763 978 946 1019 Turbinis
961 977 1074 1031 hujus
1090 979 1128 1018 in
1145 978 1347 1020 montibus
1364 979 1548 1019 cretaceis
1564 992 1659 1034 pro-

187 1046 237 1087 pe
252 1033 363 1073 Senas
379 1060 389 1075 ‚
422 1034 465 1072 &
490 1035 529 1074 in
562 1035 761 1075 montibus
784 1038 905 1077 etiam
935 1034 1070 1076 nostris
1100 1034 1298 1078 interdum
1312 1062 1324 1086 ρ
1356 1032 1586 1089 praesertim
1615 1035 1658 1075 in

188 1091 330 1130 Monte
345 1091 378 1129 S.
393 1089 552 1142 Joannis
570 1092 610 1131 in
628 1091 808 1134 Galilaea
823 1094 933 1135 dieto
950 1125 958 1134 .

245 1147 341 1187 XXI.
373 1149 458 1202 Cap.
476 1148 625 1189 XVIIII.
651 1162 734 1204 pag.
751 1163 817 1201 25.
850 1153 1002 1192 Primus
1016 1179 1026 1195 ‚
1056 1162 1102 1193 ut
1130 1153 1276 1208 opinor
1291 1182 1302 1198 ,
1333 1149 1461 1193 Testas
1492 1150 1560 1192 has
1589 1166 1662 1193 co-

189 1204 296 1244 nicas
314 1204 444 1259 pinxit
459 1235 470 1250 ,
485 1205 529 1244 &
544 1207 731 1255 Dentales
749 1210 912 1250 vocavit
927 1209 1192 1250 Rondeletius
1209 1237 1220 1252 ,
1252 1209 1359 1263 quod
1377 1223 1512 1249 earum
1527 1208 1658 1263 pulvis

186 1275 263 1316 pro
279 1259 504 1301 dentifricio
522 1263 628 1317 apud
651 1261 735 1304 suos
760 1264 1011 1305 adhiberetur
1028 1292 1036 1300 -
1069 1267 1278 1306 Vocantur
1295 1267 1415 1306 etiam
1432 1265 1594 1305 Antales
1609 1265 1660 1305 ab

188 1317 382 1372 aliquibus
400 1348 409 1363 ‚
439 1320 482 1359 &
499 1319 650 1359 Entales
681 1335 703 1360 a
719 1321 927 1361 Gualterio
953 1322 980 1361 ii
996 1333 1191 1362 vocantur
1205 1350 1216 1364 ‚
1246 1323 1313 1375 qui
1335 1335 1458 1361 cornu
1488 1319 1576 1362 sunt
1589 1321 1660 1363 ob-

188 1373 275 1415 tuso
292 1376 336 1415 &
351 1373 532 1431 disrupto
550 1403 561 1419 ‚
592 1378 753 1417 nomine
777 1375 925 1419 scilicet
940 1380 1094 1432 utrique
1110 1388 1303 1433 corrupto
1319 1392 1342 1418 a
1358 1377 1518 1418 Dentali
1535 1409 1543 1417 .

243 1430 359 1473 XXII.
391 1431 478 1488 Pag.
495 1447 547 1479 27
576 1435 601 1475 l.
620 1447 658 1476 2-
691 1435 958 1491 Caryophylli
977 1433 1115 1477 foffiles
1133 1438 1298 1488 majores
1316 1464 1325 1478 ‚
1358 1434 1421 1474 sed
1441 1433 1658 1476 admodum

187 1487 395 1544 compreffi
418 1491 666 1542 reperiuntur
687 1493 788 1532 inter
813 1492 1023 1534 Caesenam
1039 1522 1048 1536 ‚
1074 1495 1116 1533 δε
1133 1493 1274 1533 Forum
1290 1493 1601 1533 Truentinorum
1617 1492 1659 1532 in

188 1545 281 1586 loco
296 1547 434 1600 Caput
450 1545 575 1588 Collis
592 1547 702 1589 dieto
717 1563 727 1593 ;
758 1550 852 1590 item
868 1551 907 1589 in
923 1548 1120 1593 Meldulae
1135 1550 1367 1602 Principatu
1384 1579 1391 1588 .

243 1603 377 1643 XXIII.
410 1603 496 1658 Pag·
516 1619 581 1655 29-
614 1603 668 1645 πο.
689 1605 734 1645 ΙΙ.
766 1607 813 1646 In
837 1606 990 1647 Tabula
1015 1608 1064 1646 V.
1095 1607 1244 1658 Majori
1270 1606 1483 1658 adjecimus
1512 1602 1656 1661 figuras

188 1659 324 1701 Balani
340 1659 502 1716 depressi
526 1662 690 1703 minoris
704 1691 715 1706 ,
744 1661 805 1703 seu
822 1663 955 1703 Balani
970 1661 1082 1717 hujus
1097 1660 1367 1703 confertiffimi
1378 1690 1389 1706 ‚
1406 1663 1453 1704 de
1469 1677 1550 1720 quo
1568 1664 1659 1717 Epi-

187 1715 326 1758 stolam
348 1717 399 1758 ad
413 1718 650 1759 Caldanium
675 1719 766 1760 dedi
778 1747 788 1763 ,
805 1731 1020 1775 propterea
1035 1720 1143 1775 quod
1158 1719 1317 1774 quidam
1334 1733 1400 1761 eos
1430 1733 1522 1760 cum
1536 1720 1660 1761 Coni-

187 1775 243 1815 cis
258 1773 367 1815 Fabii
383 1774 604 1817 Columnae
620 1777 659 1816 in
675 1775 955 1833 Phytobasano
969 1776 1193 1818 confuderit
1211 1792 1234 1818 a
1249 1791 1312 1817 me
1326 1776 1462 1818 recuso
1479 1808 1486 1816 .

246 1831 398 1873 XXIIII.
429 1833 515 1889 Cap.
532 1833 683 1874 XXIIII.
695 1846 777 1889 pag.
794 1848 854 1886 30.
887 1833 1053 1874 Concha
1084 1833 1289 1873 Anatifera
1319 1848 1400 1873 non
1429 1843 1585 1873 tantum
1609 1832 1661 1874 ad

189 1890 318 1944 Ligna
346 1888 531 1929 adhaeret
546 1919 556 1935 ‚
586 1888 649 1929 sed
678 1890 728 1931 ad
757 1888 982 1931 Testudines
1021 1904 1178 1944 quoque
1209 1891 1377 1930 marinas
1393 1921 1404 1936 ,
1434 1900 1478 1930 ut
1495 1890 1658 1931 Baianus

190 1943 424 2002 compressus
459 1948 587 1999 major
599 1974 612 1991 ‚
642 1946 884 1988 adhaerescit
900 1978 910 1993 ,
941 1950 1052 2000 cujus
1081 1947 1270 1988 Conchae
1300 1947 1381 1987 duo
1396 1945 1661 2001 pulcherrima

187 2002 399 2056 Exempla,
416 2004 456 2044 in
470 2004 609 2057 quibus
623 2005 809 2045 radiatim
827 2002 1030 2060 dispositae
1045 2002 1130 2045 sunt
1145 2003 1333 2045 Conchae
1349 2002 1438 2045 istae
1449 2032 1459 2047 ‚
1477 2004 1583 2058 apud
1598 2017 1662 2044 me

190 2058 430 2109 affervantur
450 2089 457 2097 ·
488 2061 591 2102 Tam
607 2063 647 2102 in
664 2061 779 2117 lignis
796 2090 807 2106 ,
826 2076 944 2116 quarn
968 2065 1008 2102 in
1034 2061 1244 2107 testudine,
1262 2059 1483 2116 longiffimo
1499 2091 1510 2107 ,
1540 2062 1584 2101 ὃς
1599 2075 1662 2101 ru-

190 2114 283 2172 goso
314 2116 501 2171 pediculo
531 2117 620 2159 sunt
648 2119 818 2162 donatae
843 2150 853 2165 ,
881 2131 927 2159 ut
956 2134 979 2160 a
1008 2118 1215 2160 Gualterio
1246 2118 1406 2173 pulchre
1436 2117 1532 2159 Tab.
1570 2123 1658 2159 106.

191 2172 449 2216 ostenduntur
472 2173 540 2216 sub
565 2175 707 2217 litteris
725 2179 773 2218 A.
792 2179 831 2217 B.
849 2177 899 2216 D.
915 2177 1038 2230 Apud
1070 2190 1140 2216 nos
1155 2177 1350 2231 reperitur
1381 2189 1538 2229 quoque
1556 2176 1660 2215 Con-

192 2231 267 2273 cha
280 2230 539 2273 Cancellifera
556 2262 567 2276 ‚
597 2232 658 2275 seu
675 2233 880 2275 Anatifera
897 2230 1054 2274 secundi
1071 2235 1217 2287 generis
1232 2246 1281 2273 ex
1301 2232 1490 2273 tredecim
1506 2233 1658 2286 portio-

193 2289 304 2329 nibus
334 2288 511 2330 constans
529 2318 540 2334 ,
571 2293 614 2332 &
644 2291 875 2347 plerumque
905 2290 954 2330 ad
984 2290 1131 2330 radices
1148 2321 1157 2335 ‚
1189 2289 1250 2330 seu
1267 2291 1400 2330 melius
1417 2319 1428 2334 ,
1459 2289 1507 2329 ad
1539 2287 1658 2344 pedes

191 2345 472 2401 Myryophylli
498 2347 644 2402 pelagii
668 2346 788 2390 Clufii
815 2350 1008 2403 reperitur
1023 2379 1031 2386 .
1062 2346 1268 2388 Anatifera
1293 2347 1464 2402 vulgaris
1487 2348 1660 2401 quinque

191 2413 346 2443 tantum
371 2404 546 2456 partibus
565 2404 628 2447 seu
643 2406 765 2448 valvis
790 2404 968 2449 constat,
997 2419 1116 2460 quam
1141 2404 1306 2460 proinde
1323 2402 1547 2444 Gualterius
1577 2416 1658 2443 non

191 2460 242 2502 ad
275 2459 478 2506 bivalvas‚
509 2459 573 2504 sed
604 2463 654 2505 ad
691 2462 955 2505 cancelliferas
984 2463 1131 2504 merito
1161 2460 1580 2558 amandavit-Tabgla
1591 2459 1660 2555 XX}

1541 2532 1577 2572 g.
1650 2547 1658 2557 .
