1814 2902
408 187 1256 236 AESTVS⁵MA⁸R51³<21⁴1M1
1506 192 1561 243 3'7?

107 284 264 340 inquiet
302 280 330 324 fi
350 283 421 325 Sol
449 285 491 326 vi
520 283 584 324 sua
616 284 865 326 attractionis
898 284 1025 324 minus
1054 275 1149 338 agzit
1179 284 1221 323 in
1257 284 1391 338 aquas*
1412 273 1563 330 maris-²2>

106 354 230 397 quum
268 343 457 382 attraetio
493 341 579 395 lege
610 341 678 382 illa
708 340 941 395 pervuiga-ta
971 339 1260 394 quadratorum
1278 338 1560 381 distantiarum

106 399 360 439 contineatur
378 430 386 438 .
417 399 678 454 Qapropter
705 395 930 437 inconcussa
951 396 1080 437 adhuc
1097 398 1272 437 manebit
1286 398 1476 448 attractio
1491 396 1562 439 illa-

109 454 207 495 Solis
233 457 532 497 Newtoniana.
565 457 715 496 Verum
732 452 902 494 instituti
929 451 1048 506 nostri
1077 467 1271 494 memores
1300 452 1402 494 haec
1427 455 1566 495 mitta-²

110 525 195 552 mus
213 541 222 556 ‚
252 526 354 566 quae
381 512 533 552 altioris
566 509 654 552 sunt
683 511 873 565 indagini-s
891 538 902 553 ‚
931 523 1049 564 quam
1063 508 1152 550 heic
1168 507 1533 566 poffint'explica'ri
1549 520 1565 548 .·

110 567 310 609 Postremo
339 569 492 609 adnoto
509 578 665 610 tantum
681 595 691 611 ‚
723 568 830 621 quod
848 567 897 607 ad
911 581 995 607 rem
1013 565 1182 607 nostram
1199 569 1375 621 pertinet
1390 572 1409 612 ‚⁷
1428 567 1564 609 altitu-

109 623 243 665 dinem
274 621 531 666 nostriMariss
554 628 694 667 Hieme
726 624 828 665 Pede
855 622 1088 663 Ariminensi
1119 625 1282 664 circiter
1302 622 1481 680 superare
1509 624 1572 664 al:

112 682 327 722 titudinem
339 713 348 727 ,
377 697 477 737 quae
508 684 684 723 cernitur
701 680 856 721 Aestate
874 709 883 716 ·
912 681 1052 734 Qare
1068 681 1172 721 Navi
1178 682 1240 736 gia
1256 680 1396 734 Hieme
1418 679 1568 735 semper

116 737 266 779 facilius
299 739 348 779 ad
364 740 528 779 Portum
547 738 723 778 nostrum
749 737 956 792 appellunt
975 767 984 781 ‚
1012 738 1057 776 &
1073 751 1121 777 ex
1138 737 1222 791 ipso
1237 736 1390 778 solvunt
1407 768 1416 782 ‚
1445 753 1568 792 quam

111 793 271 834 Aestate
289 825 298 833 .
315 796 428 835 Mare
447 798 542 835 item
557 794 754 848 sexaginta
770 796 814 834 &
830 793 996 848 amplius
1014 794 1176 848 pedibus
1192 821 1202 836 ‚
1219 795 1316 834 dum
1332 805 1462 835 cetera
1492 793 1568 836 sint

107 852 219 905 paria
235 880 246 897 ‚
271 852 435 906 propius
463 850 517 892 est
532 852 628 892 Vrbi
651 849 803 891 nostrae
823 850 964 891 Hieme
984 878 994 893 ‚
1012 865 1130 905 quam
1148 849 1304 907 Aestate
1322 882 1330 890 .
1348 853 1454 891 Dico
1471 851 1568 892 dum

110 919 242 948 cetera
268 906 344 948 fint
373 909 484 963 paria
502 936 513 952 ‚
545 922 636 948 nam
649 906 937 949 observandum
958 908 1069 948 Mare
1081 906 1136 946 est
1151 905 1301 961 semper
1327 909 1488 962 quando
1513 908 1574 950 est'

111 963 369 1018 tranquillum
389 994 400 1009 ,
432 967 475 1005 &
502 964 582 1005 hoc
613 974 792 1018 tempore
810 965 1127 1018 comparationes
1145 962 1426 1018 instituendae.
1455 967 1575 1007 Irato‘l

113 1022 218 1061 enim
233 1021 276 1060 ὃς
292 1021 429 1060 Ventis
449 1019 704 1075 fludfibusque
718 1022 875 1076 agitato
892 1035 1033 1076 magna
1048 1020 1278 1076 plerumque
1292 1023 1538 1078 contingunt
1556 1026 1574 1069 ,“

111 1075 174 1118 sed
205 1078 357 1117 incerta·
370 1075 458 1117 sunt
473 1080 608 1119 omnia
623 1109 632 1118 .

366 1194 1319 1259 PROPOSITIOVH,

112 1306 442 1357 Intumescentia
476 1307 615 1366 major
633 1309 761 1356 Maris
793 1310 849 1356 ad
883 1310 1042 1356 ostium
1081 1299 1252 1356 Portus
1285 1301 1467 1359 Arimini
1486 1328 1576 1361 non

178 1389 348 1437 excedit
385 1390 728 1455 vigintiquinque
764 1393 913 1438 uncias
948 1421 962 1446 ‚
1016 1390 1085 1439 seu
1120 1389 1286 1454 digitos
1325 1391 1575 1455 Ariminen-

147 1466 289 1524 υίῖτίε,
327 1489 436 1535 quae
481 1471 613 1535 pedes
649 1471 759 1520 duos
793 1489 894 1520 curn
926 1470 1112 1518 dimidio
1147 1472 1451 1520 Arimi-nenseis
1486 1474 1576 1524 effla·

181 1553 334 1607 ciunt3
371 1570 506 1617 eaque
537 1570 632 1601 raro
668 1555 889 1617 contingit
908 1583 922 1609 ,
954 1554 1072 1602 iniis
1088 1568 1246 1618 nempe
1266 1555 1577 1606 Lunationibus

183 1633 281 1696 post
320 1635 378 1679 So
398 1633 521 1680 lstitia
540 1662 554 1687 ,
591 1636 636 1678 &
654 1636 749 1697 post
775 1636 1064 1699 Aequinotstia
1082 1672 1093 1683 .
1129 1639 1343 1684 Ceterum
1372 1636 1575 1706 Altitudo

184 1730 334 1760 comm
353 1716 483 1768 unis,
519 1715 564 1759 δε
593 1713 710 1762 velut
741 1715 920 1785 Media,
959 1735 1153 1783 quaeque
1184 1719 1322 1778 major
1358 1719 1415 1766 est
1449 1701 1577 1783 tertia

181 1811 354 1858 quaque
384 1794 454 1843 die
483 1797 579 1859 post
611 1797 845 1845 Novilunia
865 1827 880 1852 ,
915 1802 960 1844 &
979 1800 1072 1862 post
1091 1798 1326 1848 Plenilunia
1343 1830 1358 1854 ‚
1397 1800 1576 1866 quinde-

185 1876 272 1921 cim
309 1878 444 1926 unciis
474 1876 814 1927 Ariminensibus
832 1877 888 1926 ad
905 1879 1120 1929 summum
1154 1873 1435 1930 cont-inetur.
1576 1895 1580 1899 “

519 1990 1170 2047 scHoLiVMI.

118 2100 225 2187 H
241 2102 305 2142 Eic
329 2106 516 2144 memoria
545 2107 717 2147 recolere
732 2109 843 2160 juvat
858 2136 868 2151 ,
901 2122 999 2162 quae
1016 2110 1054 2148 in
1070 2106 1218 2149 scholio
1240 2107 1447 2163 superioris
1480 2107 1581 2165 pr0-'

255 2157 453 2212 pofitionis
469 2192 480 2207 ‚
508 2163 551 2202 ὅτ
574 2163 668 2203 alibi
692 2165 860 2205 diximus
877 2196 887 2211 ‚
905 2166 1014 2205 Mare
1031 2164 1176 2207 scilicet
1193 2165 1343 2221 duplic-i
1360 2169 1482 2207 modo
1512 2184 1575 2210 ac-

118 2219 197 2270 cipi
227 2229 411 2270 oportere
428 2246 438 2261 ,
470 2219 533 2259 vel
551 2232 752 2275 tamquam
770 2237 875 2263 mare
892 2224 1056 2276 proprie
1081 2223 1233 2264 dietum
1252 2253 1261 2267 ‚
1293 2224 1353 2264 vel
1371 2234 1573 2280 tamquam

118 2286 303 2335 inagnum
318 2275 548 2316 Fluentum.
580 2277 712 2330 Qium
745 2280 863 2332 igitur
889 2279 1079 2335 praesenti
1110 2278 1378 2334 propositione
1409 2282 1575 2323 dicimus

119 2328 454 2372 intumescentiam
481 2334 600 2372 Maris
627 2335 747 2376 nostri
786 2339 1103 2392 vigintiquinque
1138 2338 1268 2378 uncias
1298 2339 1572 2380 Ariminenseis

120 2398 198 2448 non
229 2387 441 2450 excedere,
474 2390 512 2429 id
542 2390 691 2431 dictum
707 2394 886 2435 volumus
918 2394 942 2434 fi
974 2396 1311 2450 comparationem
1330 2395 1571 2436 instituamus

120 2453 218 2482 inter
250 2444 584 2488 intumescentiam
617 2449 818 2502 Aquarurn
837 2480 847 2495 ‚
872 2467 973 2506 quae
1004 2454 1202 2507 contingit
1229 2453 1336 2493 circa
1355 2452 1586 2493 solstitium

1473 2509 1576 2549 aesti-
