1814 2902
203 210 255 248 80
655 177 1215 254 SPECIMEN

202 306 247 334 ra
269 295 344 334 iter
373 292 514 333 faciens
545 295 668 349 probe
699 294 819 340 sciet,
852 297 1013 351 quando
1042 297 1250 339 secundum
1284 299 1396 340 Mare
1410 302 1475 341 via
1503 300 1573 357 ipsi
1604 311 1660 344 tea

203 350 330 390 nenda
347 379 357 393 ,
387 350 431 388 &
449 351 609 404 quando
643 351 692 392 ad
721 354 894 393 Monteis
924 381 935 397 ‚
963 363 1007 395 ut
1038 356 1080 395 iis
1106 355 1255 395 accidit
1283 358 1352 410 qui
1379 357 1562 400 Arimino
1590 358 1658 400 Fa-

202 420 299 446 num
314 433 325 449 ,
355 404 417 447 vel
435 407 669 449 Ravennam
685 411 932 451 contendunt
947 441 959 457 ‚
989 425 1080 452 nam
1109 413 1149 452 in
1168 414 1320 467 magnis
1336 411 1511 454 Aestibus
1529 416 1591 456 via
1605 413 1658 456 se-

204 462 382 504 cundum
411 463 523 504 Mare
554 466 596 505 in
619 465 676 506 his
707 465 804 507 locis
835 481 915 506 non
945 466 1000 507 est
1028 478 1142 515 tuta,
1173 479 1218 508 ut
1233 468 1309 510 alia
1337 468 1518 510 sexcenta
1545 484 1660 524 prae»

203 528 353 560 teream
369 549 380 564 ,
409 533 510 573 quae
538 536 590 563 ex-
603 524 746 564 notitia
761 522 895 564 Aestus
913 525 1058 565 Marini
1082 527 1254 567 maxime
1281 526 1479 582 pendent.
1510 528 1659 568 Verum

201 590 274 616 nos
305 590 387 615 non
405 575 650 619 Astronomis
681 579 805 620 solum
820 579 1019 621 scribimus
1035 609 1046 625 ,
1076 584 1146 636 qui
1172 582 1377 637 diligentia
1399 596 1445 622 ac
1462 585 1657 637 patientia

201 642 351 673 ceteros
379 635 579 675 mortaleis
609 634 787 691 superare
815 638 1023 684 videntur,
1052 637 1113 678 sed
1135 640 1316 680 omnibus
1347 669 1358 685 ,
1388 640 1528 693 quibus
1556 639 1657 681 illud

203 690 389 733 Comici,
419 704 461 730 ne
491 693 579 746 quid
607 697 746 739 nimis,
777 693 1006 748 plerumque
1036 696 1150 735 nimis
1177 695 1310 750 placet
1339 723 1347 731 .
1380 696 1504 736 Satius
1534 697 1656 751 igitur

198 745 461 798 judicavimus
491 762 552 789 eas
570 749 846 805 Ephemeridas
864 752 986 792 modo
1001 753 1184 792 omittere
1201 782 1211 798 ,
1227 754 1267 792 in
1283 752 1411 792 lucem
1427 751 1560 808 postea
1576 752 1660 792 edi-

198 802 281 842 turi
311 829 323 846 ,
354 800 381 844 fi
413 816 603 859 umquam
632 809 755 860 majus
788 820 888 861 opus
919 807 1220 864 aggrediamur,
1250 808 1312 851 vel
1341 808 1476 864 aliquo
1508 822 1662 865 provo-

198 870 357 900 cemur.

586 984 1128 1032 APPENDIX
1186 986 1264 1030 ΙΙ.

196 1088 482 1195 Qvoniam
519 1090 639 1131 aestus
684 1094 799 1133 maris
830 1097 1025 1135 rationem
1057 1095 1270 1148 quamdam
1312 1092 1454 1135 habere
1499 1093 1662 1137 videtur*

323 1160 416 1186 cum
446 1146 601 1189 ascensu
630 1150 674 1188 &
701 1147 878 1191 descensu
909 1151 1160 1206 Hydrargyri
1191 1153 1231 1191 in
1262 1152 1494 1191 Barometro
1524 1178 1535 1194 ‚
1568 1150 1656 1192 heic

367 1204 633 1257 apponendae
661 1206 784 1245 etiam
812 1205 928 1245 essent
944 1208 1218 1259 Ephemerides
1250 1208 1540 1247 Barometricae
1576 1221 1656 1248 una

196 1272 289 1300 cum
312 1258 690 1307 Thermometricis,
716 1262 1051 1315 quemadmodum
1075 1260 1159 1301 fieri
1185 1261 1283 1302 folet
1301 1290 1310 1305 ‚
1343 1274 1388 1302 ut
1402 1262 1475 1302 hae
1507 1262 1659 1318 semper

193 1329 273 1355 una
299 1315 514 1369 jungantur
538 1344 547 1353 .
579 1318 727 1357 Verum
756 1316 973 1358 fiMarinae
1004 1317 1092 1359 illae
1118 1318 1419 1359 Observationes
1445 1317 1540 1359 licet
1571 1333 1660 1360 rem·

193 1385 294 1427 pene
339 1386 485 1414 novam
514 1372 745 1415 exhibentes
777 1404 787 1419 ,
823 1374 1039 1428 legentibus
1073 1375 1245 1426 multum
1275 1373 1414 1414 fastidii
1445 1386 1624 1416 crearent
1643 1390 1658 1421 ;

192 1428 289 1482 quid
317 1442 398 1469 non
428 1430 640 1471 dicendum
666 1431 714 1471 de
730 1432 1007 1472 Barometricis
1039 1432 1082 1471 &
1101 1430 1451 1472 Thermometricis
1481 1430 1556 1471 istis
1581 1432 1656 1472 ob·

193 1483 477 1527 servationibus
494 1517 503 1531 ,
533 1501 631 1540 quae
647 1489 859 1527 Crambem
891 1491 1094 1528 recotstam
1124 1487 1268 1528 olent?
1299 1486 1520 1528 Eruditulus
1549 1489 1658 1530 enim

193 1539 352 1596 quisque
381 1543 420 1581 in
436 1541 688 1595 Philosophia
704 1571 715 1587 ‚
746 1555 791 1583 ut
815 1544 899 1584 aliis
914 1545 1054 1584 dotibus
1083 1543 1264 1583 videatur
1279 1571 1290 1586 ‚
1322 1541 1348 1582 fi
1365 1543 1420 1582 nil
1438 1543 1545 1584 aliud
1567 1544 1656 1585 scri-

192 1598 370 1639 bendum
398 1598 541 1640 habeat
555 1628 565 1642 ,
595 1601 878 1641 Barometricas
907 1601 951 1640 ὃ(
965 1599 1328 1640 Thermometricas
1349 1600 1465 1640 tricas
1489 1598 1625 1641 scribit
1640 1631 1654 1648 ‚

192 1664 239 1694 ut
260 1653 383 1695 modo
407 1654 513 1696 libris
544 1655 683 1696 harum
699 1656 1033 1698 Observationum
1062 1654 1215 1697 refertis
1244 1656 1361 1696 obrui
1391 1655 1655 1710 quodammo-

192 1710 247 1752 do
273 1710 477 1753 videamur
493 1742 502 1752 .
534 1714 669 1767 Qare
693 1712 804 1754 hasce
834 1713 1020 1754 libentius
1051 1713 1425 1767 praetermittimus.
1458 1713 1652 1756 Addimus

194 1778 328 1809 tamen
344 1796 355 1811 ‚
371 1769 476 1822 quod
494 1771 537 1810 &
553 1771 594 1809 in
610 1769 770 1811 Scholio
785 1768 1069 1824 Propofitionis
1086 1782 1167 1810 ΧΠ.
1195 1771 1420 1811 notavimus
1435 1800 1446 1815 ,
1476 1771 1656 1812 Barome·

193 1835 300 1866 trum
330 1824 562 1881 plerumque
589 1828 695 1881 apud
724 1841 793 1866 nos
822 1829 942 1867 tribus
975 1827 1038 1866 vel
1067 1837 1239 1879 quatuor
1272 1825 1383 1865 lineis
1400 1828 1508 1866 circa
1523 1829 1654 1868 Novi-

194 1883 302 1924 lunia
331 1882 375 1920 &
404 1882 622 1922 Plenilunia
637 1882 834 1937 deprimi,
862 1882 1004 1923 deinde
1022 1881 1139 1925 tolli,
1163 1892 1209 1921 ut
1236 1883 1352 1922 tertia
1367 1881 1434 1921 illa
1450 1882 1512 1922 die
1529 1885 1651 1936 majo-

194 1941 244 1980 ris
274 1936 413 1977 Aestus
442 1936 530 1991 post
543 1941 856 1992 Conjuncstiones
886 1938 965 1979 fere
981 1938 1132 1993 semper
1148 1940 1186 1978 in
1205 1936 1408 1992 pristinum
1435 1938 1577 1979 statum
1592 1953 1653 1979 re-

194 1997 354 2050 digatur
374 2024 385 2040 ,
417 1995 458 2034 ni
488 1996 610 2048 magis
627 1996 853 2036 attollatur.
878 1997 1029 2037 Verum
1045 2006 1091 2035 ut
1106 1995 1306 2035 Notitiam
1322 1995 1535 2049 quamdam
1559 2009 1648 2036 mo-

194 2063 308 2093 tuum
338 2052 536 2104 majorum
553 2053 773 2094 Barometri
791 2084 801 2098 ,
831 2054 900 2106 qui
928 2066 998 2106 per
1030 2052 1109 2092 hoc
1140 2053 1451 2107 quinquennium
1467 2054 1648 2107 contige-

195 2118 314 2153 runt,
343 2107 616 2150 exhibeamus:
646 2112 750 2151 Dico
766 2111 1062 2155 Barometrum,
1087 2107 1150 2149 seu
1182 2109 1316 2150 melius
1345 2109 1647 2164 Hydrargyrum

195 2168 236 2208 in
252 2166 485 2205 Barometro
513 2165 610 2206 stare
638 2168 744 2222 apud
769 2181 837 2207 nos
854 2166 1084 2221 plerumque
1099 2165 1149 2205 ad
1165 2166 1417 2205 altitudinem
1431 2165 1646 2220 digitorum

196 2234 359 2269 xxvnr·
384 2221 648 2264 Parifienfium
676 2251 684 2260 .
714 2224 849 2277 Qare
872 2222 958 2264 heic
988 2225 1118 2263 minor
1147 2222 1318 2262 altitudo
1347 2223 1388 2262 in
1416 2223 1648 2263 barometro

198 2279 372 2332 contigit
407 2281 519 2319 nonis
550 2280 764 2322 Februariis
795 2295 901 2321 anno
931 2291 1373 2320 CIOIOCCXXXVH-
1406 2279 1527 2320 flante
1542 2277 1650 2319 Afri-

200 2352 250 2392 ςο
266 2364 277 2379 ,
307 2333 436 2377 seuSw
456 2364 466 2379 ‚
484 2338 573 2378 nive
596 2338 638 2378 &
665 2338 798 2392 pluvia
823 2337 988 2378 cadente
1004 2365 1015 2379 ,
1045 2351 1144 2391 quae
1165 2349 1251 2376 erat
1281 2336 1331 2376 ad
1348 2335 1494 2390 digitos
1511 2349 1574 2384 27.
1603 2335 1648 2374 &

199 2393 226 2435 1.
243 2407 283 2440 4..
315 2389 377 2431 sed
394 2391 564 2448 Vespere
593 2394 763 2448 ejusdem
792 2396 869 2436 diei
898 2395 1038 2435 nubilo
1053 2394 1164 2434 caelo
1183 2421 1193 2436 ‚
1211 2395 1336 2434 circio
1356 2423 1366 2438 ‚
1385 2391 1446 2433 seu
1462 2394 1539 2433 Nw
1553 2390 1649 2433 flan-

202 2462 244 2492 te
257 2476 269 2495 ‚
297 2448 438 2490 lineam
468 2464 587 2492 unam
610 2450 807 2493 ascendit.
838 2451 984 2493 Pluries
1001 2466 1070 2507 per
1088 2450 1166 2492 hoc
1183 2451 1494 2506 quinquennium
1521 2448 1570 2491 ad
1589 2447 1648 2488 di-

1501 2507 1569 2560 git.
1586 2519 1652 2553 27·
